3609 5767
573 1508 576 1513 ’
654 1621 656 1629 1
745 1558 953 1748 unni
997 1428 1263 1730 nomn

854 1827 959 1898 PARS
981 1824 1178 1889 SECUNDA.
1299 1851 1305 1863 ·

622 1950 678 2083 nr:
704 1998 821 2084 novo
847 1977 1075 2084 marcaon
1102 1997 1408 2135 nouolutum.

702 2335 726 2395 1.
756 2333 858 2412 Quot
880 2343 916 2398 et
938 2334 1069 2415 quales
1091 2338 1173 2399 alut
1193 2342 1326 2399 mutuo.

429 2475 512 2553 Quid
539 2476 629 2534 reniti
651 2475 837 2552 coponium
864 2476 901 2536 dc
926 2484 1013 2537 motu
1043 2492 1225 2555 corporum,
1258 2474 1334 2552 quid
1360 2474 1406 2535 ilii
1426 2481 1586 2550 moerim,
1622 2474 1692 2551 quid

344 2563 489 2639 quietat?
520 2562 621 2622 Motus
649 2561 754 2622 locello
785 2562 861 2624 duae
886 2571 957 2623 eunt
977 2565 1105 2642 speclea:
1136 2563 1186 2624 vel
1208 2564 1286 2623 enim
1308 2564 1487 2629 convertitur
1509 2569 1608 2622 totum
1630 2562 1692 2622 loco

343 2667 396 2709 ouo
426 2667 562 2723 manens,
594 2650 727 2726 partibus
752 2668 821 2711 vero
851 2652 979 2710 invicem
1008 2650 1248 2724 succedentibus,
1279 2652 1331 2728 qui
1356 2657 1454 2711 mutuo
1484 2655 1624 2727 carnoten,-
1644 2666 1692 2709 eeu

341 2738 513 2797 tomationle
537 2737 782 2799 turbinationievo
805 2756 824 2798 a
844 2737 1046 2813 similitudino,
1070 2746 1123 2800 aut
1137 2739 1281 2799 versionis
1302 2738 1341 2797 ab
1364 2739 1557 2797 instrumento
1586 2739 1692 2797 vertice

218 2897 220 2902 Ι
344 2824 400 2884 dici
422 2833 535 2902 poteet3
558 2832 610 2887 aut
631 2827 727 2903 ipsum
750 2827 840 2887 otiam
863 2834 957 2885 totum
980 2825 1016 2886 de
1039 2828 1105 2885 loco
1129 2829 1157 2885 in
1172 2826 1270 2886 locum
1284 2825 1375 2886 fertur
1389 2824 1584 2898 circulariter,
1609 2840 1692 2901 quem

341 2922 453 2973 motum
469 2911 583 2973 Graeci
605 2935 719 2991 popae,
743 2912 843 2973 Latini
864 2914 923 2973 iere
946 2915 1098 2974 circuitum
1121 2919 1174 2974 aut
1196 2910 1443 2973 circumlationem
1466 2919 1518 2973 aut
1541 2912 1692 2987 ambitum¹

342 3009 495 3077 utrumque
517 3017 588 3060 vero
612 3002 804 3061 communiter
824 2999 1114 3061 revolutionem
1137 2999 1297 3079 appellant

426 3087 525 3149 Solem
553 3089 643 3165 igitur
666 3086 844 3166 Copernioua
873 3089 957 3165 ponit
987 3088 1065 3167 apud
1089 3090 1234 3150 eentum*
1250 3087 1352 3147 mundi
1373 3087 1550 3161 consistere,
1582 3088 1692 3146 ratione

342 3178 584 3255 totimpccutro.
597 3192 639 3236 ec.
662 3184 693 3235 et
714 3193 787 3246 axe,
816 3175 1012 3250 immobilem
1042 3192 1130 3253 quem
1157 3183 1255 3236 tamon
1277 3176 1392 3235 ratione
1414 3173 1541 3252 partium
1565 3176 1692 3251 corporir

342 3265 419 3324 cirea
439 3281 525 3324 ouum
547 3280 588 3322 oc.
612 3270 754 3324 centrum
767 3271 796 3324 et
817 3280 902 3323 exem
926 3265 1057 3323 converti
1080 3265 1220 3340 apaucis
1235 3264 1320 3322 annio
1335 3260 1582 3339 deprehendimus
1598 3278 1692 3332 centu,

342 3350 421 3428 quod
444 3350 553 3411 dudum
575 3366 758 3411 aeternarum
781 3351 962 3424 rationibuo3
986 3349 1135 3412 celeritate
1158 3349 1276 3428 quidem
1298 3356 1390 3425 muta,
1413 3358 1446 3410 ut
1467 3351 1564 3425 spatio
1590 3350 1633 3409 25
1648 3347 1692 3409 vel

343 3439 384 3498 to
406 3436 519 3517 dierum
540 3455 601 3498 una
623 3431 777 3498 conversio
800 3437 982 3497 absolvatur.
992 3433 1034 3512 ⁵⁴)

426 3523 496 3585 Jam
526 3526 707 3603 utquisque
730 3526 933 3605 primariorum
956 3532 1001 3585 oet
1022 3524 1086 3586 Soli
1108 3525 1240 3602 propior,
1272 3526 1315 3585 ita
1335 3524 1470 3584 breviore
1492 3521 1618 3600 periodo
1641 3524 1692 3583 cir·

344 3628 408 3672 cum
430 3612 529 3674 Solem
551 3613 656 3682 fertur,
678 3613 734 3673 sub
758 3612 871 3673 eodem
885 3611 1003 3690 quidem
1027 3614 1174 3676 communi
1196 3611 1305 3672 circulo
1327 3611 1449 3673 zodiaco
1472 3617 1502 3670 et
1525 3613 1553 3669 iu
1578 3610 1692 3689 plagam

345 3716 444 3759 omues
470 3699 609 3775 eandem,
640 3701 669 3759 in
700 3717 789 3777 quam
811 3707 911 3776 parter
934 3702 1063 3780 corporis
1085 3699 1165 3761 Solia
1185 3694 1382 3777 praecedunt3
1412 3697 1578 3758 Mercurius
1600 3702 1692 3776 spatio

346 3788 363 3846 3
386 3781 538 3863 meusium,
562 3787 664 3849 Venus
688 3783 759 3870 872,
783 3787 885 3848 'l'olluv
908 3804 974 3848 cum
997 3786 1080 3847 coelo
1103 3786 1206 3849 lionae
1232 3789 1282 3860 12,
1305 3786 1386 3846 Mare
1407 3780 1501 3867 22¹5,
1524 3803 1583 3867 eeu·
1602 3788 1692 3845 mium

345 3891 432 3950 quam
455 3874 570 3936 duobuo
592 3876 691 3949 annio,
722 3874 842 3953 Jupiter
867 3878 920 3951 10,
943 3875 1087 3943 Saturnus
1111 3876 1152 3935 00
1175 3878 1269 3934 annio.
1314 3874 1452 3942 learum
1474 3890 1545 3933 vero
1570 3873 1692 3952 sphaera

346 3960 506 4040 Gopemico
535 3965 652 4042 penitus
682 3970 728 4023 est
757 3962 926 4024 immobilia.
971 3961 1073 4023 Tellus
1102 3962 1217 4022 iuterim
1240 3965 1424 4023 cncaeuum
1447 3961 1536 4022 etlam
1559 3977 1648 4022 axem
1670 3970 1692 4021 ot

347 4050 423 4110 circa
445 4048 564 4111 Terram
586 4050 672 4110 Luna
694 4050 943 4125 circumvolvitur,
966 4067 1066 4111 rureuv
1088 4051 1118 4108 ln
1140 4048 1260 4127 plagam
1282 4058 1416 4126 utraque,
1442 4049 1468 4107 ei
1490 4047 1529 4109 ad
1551 4050 1692 4111 exteriore

270 4202 271 4205 ,
345 4136 445 4198 muudi
466 4137 618 4217 roeploiae,
638 4137 771 4213 eandem,
795 4141 824 4198 iu
839 4156 938 4215 uuam
961 4155 1062 4199 omuea
1084 4137 1224 4215 primarii.

431 4221 540 4286 Omneo
568 4231 666 4286 autem
695 4233 792 4286 motue
815 4225 978 4304 Copemico
1006 4231 1076 4285 eunt
1104 4213 1221 4285 tautum'
1244 4225 1275 4285 in
1296 4223 1439 4286 directum
1463 4224 1692 4300 elocutionum

344 4310 425 4374 uuila
446 4330 538 4391 penca
560 4311 642 4373 illum
664 4313 753 4373 statio
775 4316 806 4372 iu
828 4315 871 4374 rei
893 4315 1027 4386 veritate,
1051 4310 1133 4374 nulla
1154 4310 1377 4390 retrogradatio.
1499 4326 1502 4332 ·

436 4400 554 4479 000οω
583 4403 773 4477 orpumeatu
797 4401 963 4478 probetur,
991 4400 1127 4477 monem
1153 4400 1315 4479 uphocrum
1342 4417 1407 4460 non
1434 4397 1577 4459 moueri?
1613 4395 1692 4474 Quod

345 4488 396 4550 illa
416 4505 475 4549 uon
498 4494 685 4550 convertatur
706 4488 783 4548 circa
805 4494 935 4549 centrum
958 4493 988 4548 et
1009 4504 1113 4562 axem,
1137 4486 1367 4552 demonetratnm
1389 4494 1434 4547 eet
1455 4485 1579 4546 llbroI.
1623 4485 1692 4546 nm

345 4574 484 4654 quioquid
504 4575 593 4653 hujus
615 4578 645 4634 ln
668 4574 769 4635 oculor
791 4577 921 4649 incurrit,
944 4580 1038 4635 totum
1060 4573 1090 4634 id
1113 4574 1220 4636 Terrae
1243 4575 1406 4638 tribuimur.
1443 4573 1627 4650 Argumenta
1649 4590 1692 4633 oe·

345 4670 408 4725 tera
428 4659 613 4742 requirantur
634 4663 685 4738 lbi,
707 4661 758 4722 tol.
778 4663 839 4723 108
855 4670 885 4722 et
899 4679 982 4740 eeqq.
1014 4662 1083 4723 Duo
1105 4663 1170 4723 eolo
1191 4660 1279 4739 hujus
1301 4660 1360 4722 loci
1381 4662 1500 4739 propria
1520 4669 1692 4738 repetamus*

345 4748 441 4811 Unum
464 4771 483 4811 a
506 4750 664 4813 celeritate.
708 4749 784 4810 Nam
806 4752 831 4809 ei
853 4750 980 4828 sphaera
1001 4750 1111 4810 extima
1133 4748 1237 4810 saltem
1260 4750 1413 4810 4000000
1437 4748 1599 4809 diametros
1621 4746 1692 4809 Solir

346 4839 375 4895 lu
398 4837 565 4900 dimetieute
587 4838 692 4913 habet,
724 4838 956 4899 circumferentia
984 4835 1074 4914 longa
1096 4839 1151 4898 erit
1174 4837 1362 4897 1100007οι
1390 4852 1468 4913 quoe
1489 4838 1516 4896 ci
1537 4842 1605 4896 tota
1625 4837 1692 4896 intrt

346 4926 388 4982 at
410 4924 498 4986 limae
520 4926 658 5005 volvitur,
682 4928 711 4986 iu
733 4942 794 4988 una
816 4927 906 5005 igitur
928 4922 1084 4988 volventur
1107 4925 1254 5003 000000,
1276 4925 1307 4984 ia
1329 4940 1389 4984 uno
1410 4926 1525 4987 minuto
1549 4925 1647 5001 ortt,
1670 4925 1692 4982 in
