3609 5767
303 533 365 599 543
745 524 778 581 In
793 520 943 595 Epitomeu
959 522 1048 618 Notae
1066 519 1196 579 Editoris.
1241 573 1244 583 .

302 706 420 762 deseca
438 701 576 758 constanti
593 707 621 757 et
639 699 802 769 Tycbonica
838 700 941 756 Causas
959 699 1048 754 babeo
1067 698 1209 766 utriusque
1226 693 1292 751 is'cti
1314 695 1436 751 idoneas.
1481 693 1553 749 Nam
1571 692 1659 761 primo,

302 784 374 856 qnod
393 783 492 840 attinet
508 781 683 836 variationem
706 776 887 848 obliquitatis,
916 778 985 849 scio,
1003 774 1186 833 Reinboldum
1209 775 1237 829 in
1255 774 1409 829 Proteuicis
1428 787 1576 827 excessum
1591 769 1660 858 edje

302 863 373 919 cissa
392 870 449 921 tam
467 858 691 915 declinationibus
710 873 791 927 quam
809 874 867 917 asc.
885 859 967 915 rectis
992 874 1041 927 pro
1059 855 1219 925 obliquitate
1237 855 1363 920 maxima,
1383 861 1410 907 et
1427 851 1555 907 docuisse
1573 863 1661 903 venari

305 944 414 1012 partera·
429 937 658 1010 proportionalem
682 933 732 1005 per
750 936 879 1007 scrupula
897 935 1039 992 secularia.
1074 936 1176 991 Verum
1194 935 1287 1008 Tycho
1306 933 1444 1001 braheus,
1472 930 1578 1000 primus
1600 930 1662 983 ista·

280 1050 283 1059 ·
303 1032 365 1076 rum
382 1018 536 1074 tabularum
554 1025 657 1087 auctor,
672 1016 731 1084 jam
750 1016 852 1071 dudum
870 1016 985 1071 formam
1002 1014 1078 1069 illam
1096 1014 1309 1083 copernicanam
1326 1018 1416 1067 motus
1435 1009 1606 1080 obliquitatis
1623 1023 1662 1062 re

303 1098 404 1155 fumuit
421 1098 456 1152 ab
475 1095 655 1166 experientia,
681 1097 775 1163 itaque
793 1095 924 1150 convulsa
941 1095 1048 1150 catilla
1070 1092 1166 1163 politia
1188 1093 1394 1163 scrupulorum,
1419 1087 1601 1158 sinequibus
1618 1103 1663 1142 ex·

303 1194 397 1233 cessus
415 1176 481 1232 dicti
498 1176 568 1231 liunt
585 1174 704 1231 inutiles.
741 1175 884 1230 Etsi·uero
903 1175 997 1244 Tycho
1022 1191 1078 1229 non
1095 1172 1204 1242 negarit
1222 1173 1339 1240 omuino,
1357 1170 1488 1239 majorem
1507 1168 1595 1223 luisse
1613 1166 1662 1221 sub

302 1256 459 1312 Ptolemaeo
478 1261 506 1309 et
524 1254 682 1322 Hipparcho
702 1253 899 1324 obliquitatem,
918 1253 986 1308 illud
1005 1260 1096 1314 tamen
1113 1251 1302 1322 deprehendit,
1326 1249 1397 1304 fixas
1414 1246 1512 1303 stellas
1530 1246 1603 1300 bauc
1620 1258 1665 1297 va·

198 1329 200 1333 ’
304 1333 447 1389 riatiouem
465 1348 519 1387 nou
537 1333 592 1385 nna
609 1330 715 1386 subire:
743 1349 798 1388 nou
822 1335 892 1389 euim
915 1334 998 1388 lixam
1022 1328 1083 1388 esse
1106 1333 1156 1387 sub
1174 1331 1236 1387 lixis
1254 1330 1341 1388 stellis
1364 1328 1532 1398 eclipticam,
1561 1329 1593 1379 ut
1612 1324 1665 1378 uni

304 1428 366 1468 cum
383 1412 437 1467 illis
455 1410 489 1465 ab
507 1409 699 1479 aequinoctiali
717 1410 839 1467 discedat
857 1412 1038 1481 accedatque,
1064 1411 1113 1466 sed
1136 1412 1223 1467 solam
1240 1408 1390 1478 eclipticam
1410 1415 1439 1460 et
1455 1422 1474 1460 a
1491 1406 1556 1475 lixis
1580 1403 1665 1458 stellis
1694 1478 1711 1492 Α

222 1519 228 1527 s
292 1499 331 1555 ,ot
348 1493 383 1549 ab
403 1489 593 1562 aequinoctiali
610 1490 729 1544 abnuere
748 1489 789 1544 vel
808 1507 937 1546 annuere.
973 1491 1033 1546 Hoc
1050 1505 1113 1546 vero
1134 1491 1157 1545 si
1175 1490 1215 1544 sic
1233 1495 1287 1557 est,
1311 1486 1369 1553 jam
1385 1485 1495 1554 penitus
1515 1485 1619 1539 inutilis
1637 1491 1664 1539 et

305 1587 474 1640 superuacua
491 1571 523 1625 fit
541 1570 576 1625 ad
593 1569 770 1638 pragmatiam
789 1569 897 1639 quidem
913 1568 1029 1624 iliarum
1052 1569 1100 1623 illa
1124 1568 1334 1623 declinationum
1357 1573 1385 1620 et
1412 1565 1604 1620 ascensionum
1621 1579 1665 1617 va-

164 1687 172 1716 ,
261 1685 262 1689 ,
305 1648 386 1703 riatio
404 1648 558 1703 Pmtenica
595 1646 704 1713 Quanta
721 1648 792 1702 euim
810 1649 953 1704 conficitur
970 1648 1116 1704 declinatio
1134 1655 1162 1702 et
1179 1646 1303 1719 ascensio
1328 1642 1444 1712 alicujus
1461 1641 1536 1697 lixae
1553 1660 1605 1712 per
1621 1642 1665 1696 ob

183 1765 188 1777 Ι
232 1720 235 1726 ’
268 1730 277 1745 ’
309 1725 463 1795 liquitatem
480 1726 622 1795 eclipticae
640 1732 775 1782 vetustam
792 1727 1017 1796 latitudinemque
1036 1727 1108 1782 fixae
1132 1728 1166 1782 ab
1184 1726 1232 1781 ille
1249 1732 1390 1791 vetustam,
1412 1729 1491 1787 taum
1510 1721 1619 1776 omnino
1636 1718 1666 1775 lit

309 1813 425 1874 utraque
443 1806 524 1860 etiam
542 1820 593 1875 per
610 1811 740 1872 utrasque
757 1804 908 1862 modernas.
945 1808 1041 1861 liestat
1067 1806 1151 1876 igitur
1172 1805 1268 1875 unicus
1287 1803 1347 1870 Sol,
1371 1792 1415 1871 qui
1439 1809 1536 1856 centro
1554 1817 1604 1854 suo
1623 1797 1665 1852 de·

305 1882 398 1939 scribit
416 1882 569 1953 eclipticam
586 1881 720 1950 cujusque
739 1888 807 1939 aeui.
843 1884 915 1939 Solis
941 1899 1005 1938 vero
1023 1884 1197 1940 ascensiones
1216 1889 1243 1937 et
1262 1881 1469 1950 declinationes,
1488 1895 1606 1947 quaeso,
1624 1877 1665 1932 cui

306 1960 367 2016 nem
392 1960 591 2030 exquiruntur?
625 1961 680 2015 Per
704 1960 899 2020 declinationes
918 1963 989 2019 Solis
1013 1962 1129 2018 latitudo
1154 1962 1276 2017 locorum
1300 1960 1460 2028 exploratur
1484 1957 1580 2024 hodie,
1605 1954 1664 2009 olim

304 2056 354 2112 per
372 2039 425 2095 diei
436 2040 555 2095 aestivae
573 2040 772 2110 longitudinem
785 2042 974 2110 quaerebatur.
1011 2042 1172 2110 Quicunque
1190 2040 1287 2096 modus
1306 2038 1388 2106 luerit
1405 2037 1557 2103 adhibitus,
1575 2048 1664 2089 omnes

306 2121 404 2194 veiens
417 2119 603 2188 ‘geographiae
621 2118 778 2174 latitudines
796 2116 916 2176 locorum
935 2122 1123 2177 vitiosissimae
1141 2128 1206 2175 sunt
1223 2126 1251 2173 et
1268 2133 1376 2173 crassae
1389 2114 1537 2171 admodum
1548 2121 1577 2168 et
1588 2114 1663 2183 plena

307 2198 385 2268 quasi
403 2198 473 2265 vola,
492 2198 644 2267 ὀλοοχιρως,
662 2195 816 2256 admensae.
854 2202 1036 2257 ascensiones
1055 2198 1234 2271 spectantlad
1252 2195 1443 2265 aequationem
1460 2192 1605 2261 temporis,
1622 2189 1664 2244 ubi

311 2277 619 2335 reseruassemus
643 2275 727 2330 borae
751 2279 893 2336 minutum.
929 2281 1013 2350 Atqui
1039 2281 1155 2335 maxime
1178 2278 1367 2334 ascensionum
1396 2271 1550 2327 differentia
1575 2268 1602 2323 in
1620 2269 1663 2323 1⁷·

310 2358 394 2414 Tauri
412 2365 454 2412 est
471 2358 496 2413 5¹
515 2356 577 2425 16”,
596 2371 667 2424 quae
686 2362 750 2409 suut
767 2356 796 2413 iu
813 2364 936 2428 tempore
954 2360 1015 2429 21¹¹,
1033 2361 1118 2415 triens
1137 2358 1217 2413 unius
1235 2355 1339 2425 minuti,
1363 2370 1406 2409 res
1425 2352 1508 2422 plane
1525 2348 1662 2405 insensabi-

308 2434 356 2505 1is;
377 2450 439 2491 cum
455 2434 484 2489 in
502 2431 736 2488 observationibus
756 2442 877 2489 veterum
895 2436 1056 2507 plerumque
1074 2437 1188 2494 trientes
1205 2437 1333 2492 horarum
1352 2434 1406 2489 sint
1424 2432 1452 2485 iu
1471 2429 1565 2486 dubio.

357 2561 361 2577 ‚
413 2513 468 2570 Sed
496 2521 578 2583 ceput
603 2512 644 2567 rei
670 2511 792 2567 nondum
817 2515 910 2585 attigi5
937 2515 1023 2584 ipsam
1051 2531 1087 2570 sc.
1116 2515 1304 2586 obliquitatem
1326 2513 1469 2582 eclipticas
1494 2510 1559 2564 olim
1584 2506 1683 2563 fusse

310 2592 447 2661 majorem,
465 2608 510 2648 res
529 2609 583 2647 nou
605 2599 710 2648 mutum
737 2599 779 2646 est
797 2591 887 2664 dubia,
914 2593 962 2649 sed
981 2593 1076 2649 validis
1094 2596 1260 2665 argumentis
1287 2611 1321 2649 ex
1340 2593 1410 2663 ipsis
1437 2598 1561 2645 ueterum
1578 2584 1676 2640 oberr-

309 2672 461 2728 rationibus
480 2687 497 2726 a
514 2687 556 2726 me
575 2670 705 2728 convulsa
729 2677 758 2747 ei
781 2671 877 2739 procul
902 2671 984 2727 dubio
1007 2672 1089 2743 plane
1112 2671 1190 2729 falsa.
1227 2676 1255 2730 Si
1272 2683 1364 2731 umen
1382 2672 1446 2727 ollm
1463 2669 1552 2737 major
1569 2672 1609 2721 est
1623 2664 1675 2717 lu-

310 2758 373 2807 tura
395 2749 542 2819 obliquitas
565 2765 646 2820 quam
663 2748 756 2820 hodie,
781 2750 841 2819 ejus
861 2751 985 2821 equidem
1011 2753 1052 2806 rei
1077 2752 1277 2820 praevidentiae
1303 2746 1435 2808 facultate
1453 2760 1591 2809 caremus,
1614 2755 1663 2829 ate

310 2828 432 2900 regulam
459 2830 541 2899 igitur
565 2827 718 2899 contingere
746 2845 902 2899 possumus.
935 2829 1088 2900 Prospiciat
1110 2831 1203 2898 itaque
1227 2831 1278 2886 sibi
1300 2836 1377 2886 aetas
1401 2826 1541 2897 quaelibet
1563 2822 1618 2902 ipat
1630 2834 1659 2872 1¹1

313 2907 504 2964 constituenda
522 2923 570 2962 sua
588 2906 757 2977 obliquitate,
777 2917 805 2964 et
823 2926 872 2965 nos
890 2926 941 2980 pro
960 2909 1032 2965 omui
1049 2909 1307 2981 aerolastrouomico
1321 2913 1418 2963 exacto
1431 2904 1556 2961 conteuti
1571 2900 1655 2958 esium

311 2986 469 3056 obliquitate
481 2984 620 3040 hodierna.
1219 2993 1222 3004 '
1616 3020 1621 3026 -

416 3068 474 3117 Jam
492 3082 583 3117 causas
601 3070 674 3117 alieri
683 3068 816 3133 Keplsms.
833 3073 927 3137 quibus
945 3078 1029 3121 motus
1040 3072 1165 3133 Tycbonis
1184 3071 1359 3133 obliquitatem
1377 3066 1508 3130 eclipticas
1526 3061 1648 3116 assumi

313 3143 338 3187 et
355 3137 418 3204 quid
435 3140 462 3187 lu
480 3138 526 3187 bac
551 3139 723 3201 corrigendum
741 3148 853 3203 censeat,
878 3157 952 3208 quom
976 3143 1058 3192 locum
1076 3142 1241 3193 annotatione
1259 3142 1301 3191 29.
1325 3140 1462 3202 praemlssa
1488 3136 1644 3201 proposuimus

312 3213 337 3258 st
354 3208 391 3258 sle
408 3211 498 3271 pergit,
720 3249 721 3253 ,
1113 3233 1126 3245 —
1405 3240 1408 3245 ·

416 3292 477 3346 Hoc
495 3290 541 3347 ubi
556 3292 613 3361 jam
631 3294 792 3364 praemoniti
813 3294 878 3349 artis
897 3295 1013 3350 studiosi
1034 3294 1231 3360 intellexerint,
1259 3290 1468 3357 existimabunt,
1497 3291 1574 3346 etam
1593 3288 1643 3342 bant

313 3367 496 3439 Tycbouicam
514 3370 721 3426 declinationem
743 3372 884 3442 eclipticae
902 3373 987 3429 luisse
1006 3373 1191 3448 corrigendam
1209 3373 1298 3441 adque
1316 3386 1403 3424 meam
1424 3368 1495 3425 Solis
1521 3362 1643 3439 puellaria

313 3447 573 3505 accommodandam.
611 3449 710 3504 Verum
728 3451 747 3505 ii
770 3451 870 3520 sciant,
895 3452 1005 3506 unicum
1031 3452 1187 3521 scrupulum
1205 3452 1233 3508 in
1257 3446 1399 3504 altitudine
1424 3448 1496 3503 Solis
1524 3442 1642 3502 uenum

313 3528 417 3582 aestiva
434 3534 527 3582 mutae
544 3529 704 3585 subtilitatis
723 3532 939 3586 obseruationem
959 3548 1028 3600 esse,
1047 3538 1078 3586 ut
1096 3530 1232 3586 rarissime
1251 3528 1304 3584 duo
1323 3527 1487 3583 observandi
1505 3536 1576 3582 actus
1590 3524 1642 3608 iob!

273 3619 275 3626 ·
316 3620 470 3660 mensuram
486 3604 568 3660 unius
587 3608 710 3678 scrupuli
729 3609 907 3664 consentiant
944 3610 975 3664 Iu
995 3609 1076 3665 dubio
1094 3609 1177 3678 igitur
1195 3608 1337 3666 valuerunt
1354 3608 1427 3678 apud
1444 3623 1488 3662 me
1505 3600 1642 3677 praejurata

314 3701 363 3755 pro
383 3684 544 3753 obliquitate
561 3687 728 3757 majuscula,
752 3686 837 3742 valuit
854 3696 951 3760 metus,
969 3705 1004 3743 ne
1023 3689 1124 3744 nodum
1142 3688 1169 3742 iu
1192 3689 1281 3757 scirpo
1308 3687 1477 3756 quaesivisse
1501 3694 1547 3741 aut
1563 3692 1641 3740 omnen

309 3764 450 3834 ‘'lychonis
479 3767 672 3820 astronomiam
698 3783 714 3821 s
738 3767 921 3823 fundamentis
951 3769 1043 3824 studio
1069 3768 1213 3823 inhonesto
1240 3767 1391 3822 conuellere
1418 3767 1536 3822 voluisse
1557 3762 1642 3823 vitea

315 3842 392 3898 nulla
410 3843 447 3899 ad
464 3845 518 3899 hoc
536 3845 700 3901 necessitate
718 3847 884 3918 compulsus,
903 3847 978 3903 nulla
995 3847 1123 3917 liquidae
1133 3845 1254 3901 sedulis
1272 3862 1338 3901 cura
1355 3845 1526 3902 sollicitatus.

423 3941 499 3997 Haec
519 3941 637 4013 praefari
654 3937 782 4012 oportuit
800 3961 874 4001 nuno
885 3946 994 4001 modum
1007 3945 1170 4015 excerpendi
1188 3937 1315 4013 docebo,
1334 3944 1467 4000 Obserret
1483 3944 1563 4014 igitur
1577 3936 1642 3993 calos

315 4019 395 4084 lator,
420 4019 529 4075 tabulae
547 4028 639 4090 partes
657 4035 718 4080 esse
743 4030 812 4091 tres,
839 4023 919 4078 sicuti
938 4028 954 4079 3
973 4024 1051 4094 signa
1073 4022 1251 4092 quadrantem
1269 4023 1447 4078 constituunt.
1482 4023 1578 4077 Earum
1592 4015 1641 4070 dull

246 4097 249 4104 '
315 4098 416 4154 arctius
433 4099 505 4153 iuter
522 4114 552 4155 se
569 4108 634 4154 sunt
648 4099 769 4168 junctae,
788 4118 944 4158 communes
956 4103 1089 4158 habentes
1107 4102 1200 4157 titulos
1214 4102 1312 4158 frontis
1329 4108 1358 4176 et
1375 4102 1466 4169 calcu,
1484 4104 1641 4172 parerem

316 4178 453 4247 signorum
469 4179 598 4247 ipsorum,
616 4196 686 4249 quae
698 4181 735 4235 ibi
747 4188 811 4236 suut
822 4182 932 4248 inserte,
949 4181 994 4236 ubi
1008 4180 1140 4250 cujusque
1153 4181 1220 4237 ordo
1236 4174 1493 4251 'graduum'iscipin
1512 4179 1584 4237 textit
1596 4181 1640 4258 pai!

315 4257 395 4334 (sigui
412 4258 494 4327 tertii)
517 4258 637 4315 excreuit
653 4259 682 4313 in
705 4274 822 4327 sequeus
839 4258 934 4326 lolium
957 4275 1044 4328 eoque
1073 4256 1132 4314 sola
1154 4260 1192 4314 ibi
1210 4277 1274 4317 suos
1300 4260 1395 4315 titulos
1421 4259 1518 4315 frontis
1541 4249 1640 4315 aedos

317 4342 360 4391 est
376 4344 467 4393 nacta.
1129 4367 1131 4372 a
1499 4363 1501 4367 r

422 4430 556 4502 Coniunxi
573 4437 665 4488 autem
683 4433 881 4500 semicirculos,
898 4451 916 4490 a
931 4431 1040 4505 punctis
1060 4434 1304 4505 aequinoctialibus
1322 4436 1456 4507 inceptos,
1475 4436 1640 4505 signaculi

316 4509 407 4586 posita
423 4511 571 4580 primorum
589 4509 771 4579 quadrantem
788 4516 966 4584 superposita·
986 4516 1099 4586 singulis
1123 4516 1232 4572 abulae
1256 4515 1395 4585 partibus,
1424 4532 1485 4570 cum
1503 4514 1586 4570 ordine
1599 4515 1640 4593 κζ’·

318 4588 401 4644 duum
420 4589 455 4645 ad
473 4590 610 4645 anismam
628 4591 808 4647 descendente
827 4601 855 4648 et
873 4593 952 4663 sigua
970 4596 1125 4651 ultimorum
1138 4596 1319 4666 quadrantem
1336 4596 1486 4665 supposita
1500 4611 1560 4650 cum
1574 4585 1640 4644 mint

318 4667 450 4735 manuum
468 4668 503 4725 ad
522 4668 644 4725 dextram
662 4669 834 4740 ascendente,
853 4672 893 4726 sic
905 4678 936 4726 ut
954 4672 1054 4743 gradus
1067 4674 1174 4729 antiscii
1186 4682 1330 4731 occurrant
1347 4676 1376 4729 in
1393 4675 1490 4731 eadem
1508 4674 1579 4731 linea.
1593 4661 1641 4720 Μ

269 4796 273 4807 ,
318 4745 346 4799 in
364 4745 565 4816 dextro,.alter
581 4750 610 4803 in
628 4750 736 4805 sinistro
754 4750 881 4820 suumne.
919 4752 950 4806 1n
968 4753 1116 4822 cujuslibet
1138 4754 1295 4821 jsmctorum
1313 4753 1455 4822 signorum
1472 4746 1600 4809 colenda
1612 4750 1641 4791 ⁰¹⁸

319 4823 447 4882 dinautur
464 4827 653 4885 ascensionum
670 4837 804 4885 rectarum
822 4836 943 4898 tempora
967 4830 1063 4886 saltem
1082 4832 1201 4901 integra,
1229 4834 1327 4901 quibus
1345 4833 1381 4887 ad
1399 4833 1476 4889 latus
1491 4820 1576 4888 iota
1589 4818 1641 4906 wli·

317 4902 405 4971 mella,
425 4919 579 4960 communes
597 4906 728 4962 exbibens
751 4910 893 4978 utriusque
916 4910 1079 4965 semicirculi
1097 4920 1252 4981 temporum
1274 4911 1445 4979 integrorum
1464 4908 1641 4981 appendicesm

319 4981 453 5052 scrupulis
469 4982 564 5052 primis
582 4991 610 5041 et
626 4986 761 5042 secundis.
796 4988 829 5042 1u
854 4987 943 5044 medio
968 4995 1145 5057 utrorumque
1165 4990 1347 5060 quadrantem
1370 4989 1500 5059 interjeci
1517 4974 1642 5045 estraell'
