3609 5767
340 523 403 584 158
618 569 622 575 .
667 486 669 491 7
832 523 974 595 Epitomes
992 522 1180 580 Astronomise

340 692 529 778 temporibus.
575 698 634 761 Sed
656 698 869 778 qualiscunque
891 703 930 761 sit
951 702 1025 763 haec
1039 699 1242 779 inaequalitas,
1265 700 1317 762 illa
1339 702 1415 761 inira
1429 700 1512 761 haec·
1527 700 1586 762 duo
1602 699 1694 761 millia

339 804 490 861 annorum,
513 788 621 865 quibus
643 797 759 848 exstant
783 790 1004 850 obsecrationes
1027 791 1219 866 conscriptae,
1241 789 1349 866 negligi
1370 797 1433 848 tuto
1454 797 1562 866 potest

430 874 588 952 Quomodo
611 893 647 936 cc
661 878 740 936 coelo
763 880 829 951 ipso
843 876 993 948 (11000000,
1016 885 1109 953 quoto
1124 876 1184 936 diei
1195 882 1234 938 sit
1255 879 1331 937 bora
1346 880 1568 937 oenonomicae
1581 893 1694 934 nume-

339 963 490 1022 rationis?
526 965 552 1021 1.
577 961 659 1039 Opus
682 971 728 1023 est
749 965 917 1040 cognitione
939 964 1101 1023 altitudinis
1123 964 1194 1041 poli.
1240 968 1269 1025 i.
1293 964 1377 1023 Tunc
1400 962 1436 1023 de
1465 962 1512 1023 die
1534 962 1606 1023 Sole
1626 973 1694 1022 tsn-

336 1051 411 1122 tum,
434 1048 471 1109 de
492 1057 578 1109 nocte
600 1053 718 1127 insuper
740 1051 841 1127 aliquo
862 1050 949 1110 stella
971 1051 1029 1110 tixa
1051 1053 1167 1127 utimur,
1191 1052 1275 1128 eujus
1297 1054 1336 1109 sit
1352 1052 1469 1127 cognita
1492 1049 1650 1111 declinatio
1665 1058 1695 1109 et

340 1138 474 1196 mcensio
497 1144 585 1196 recta.
629 1136 707 1197 Solis
730 1139 847 1215 quidem
872 1141 1005 1198 ascensio
1035 1149 1114 1198 reots
1136 1138 1220 1199 facilc
1252 1147 1436 1216 comparatur
1457 1155 1510 1215 per
1532 1137 1694 1197 doctrinam

340 1223 487 1284 secundae
509 1226 618 1300 partis,
651 1242 686 1285 ex
710 1229 826 1302 cognito
858 1226 922 1302 ejus
944 1225 1010 1286 loco
1033 1228 1062 1283 in
1085 1226 1236 1303 ecliptica,
1266 1225 1370 1287 stellae
1399 1242 1467 1286 vero
1490 1227 1692 1286 ascensionem

340 1321 447 1371 rectam
471 1313 614 1387 inquirere
643 1311 761 1372 docebit
783 1329 850 1391 pars
873 1316 984 1388 quinta.
1039 1315 1068 1373 3.
1100 1312 1131 1372 Si
1154 1314 1261 1372 luerint
1283 1315 1339 1372 ista
1362 1315 1392 1370 in
1416 1320 1545 1391 promtu,
1579 1313 1695 1389 capitur

246 1458 250 1466 ,
340 1397 465 1458 altitudo
487 1398 565 1458 Solis
589 1398 635 1460 rel
658 1400 761 1462 stellae
784 1399 822 1459 ad
845 1407 1023 1460 momentum
1045 1402 1236 1477 propositum.
1282 1402 1311 1459 4.
1341 1399 1600 1459 'l'uncseonndum
1620 1399 1693 1459 doc-

341 1488 446 1545 trinam
468 1487 560 1564 partis
581 1489 693 1563 primae
716 1505 752 1547 ex
775 1487 969 1549 declinatione
986 1495 1015 1547 et
1036 1487 1192 1549 altitudine
1207 1490 1356 1565 quaeritur
1379 1486 1527 1563 elongatio
1541 1486 1620 1547 Solis
1646 1486 1693 1546 vel

340 1573 443 1633 stellae
474 1592 492 1633 a
523 1574 683 1637 meridiano
715 1573 834 1636 circulo.
881 1575 937 1635 Per
960 1574 1175 1651 elongationem
1204 1592 1275 1635 vero
1305 1574 1410 1635 stellae
1432 1592 1450 1633 a
1472 1574 1634 1633 meridiano
1658 1573 1695 1633 de

245 1735 249 1744 ι
340 1669 425 1721 00010
454 1662 602 1739 quaeritur
631 1661 722 1740 ipsius
755 1666 842 1723 ctiam
866 1662 945 1721 Solis
978 1662 1127 1738 elongatio
1158 1663 1196 1722 ab
1226 1661 1342 1733 eodem,
1376 1660 1476 1721 ablata
1504 1662 1694 1738 elongatione

340 1746 445 1809 stellae
473 1766 492 1808 s
519 1748 679 1809 differentia
707 1751 911 1811 ascensionum
940 1746 1109 1823 rectarum,
1137 1753 1163 1808 si
1184 1749 1237 1809 801
1267 1747 1297 1809 01
1323 1746 1409 1808 stella
1435 1749 1463 1807 in
1492 1750 1647 1809 contrariis
1675 1764 1694 1806 a

341 1834 502 1895 meridiano
525 1835 622 1913 plagis
643 1838 764 1910 luerint,
793 1836 896 1896 addita
920 1854 1003 1910 nero,
1032 1840 1057 1895 si
1086 1839 1114 1895 in
1137 1836 1257 1897 eadem:
1287 1838 1330 1895 ita
1358 1838 1482 1913 patescit
1503 1838 1592 1896 etism
1616 1834 1694 1895 Solis

340 1922 479 1982 distantia
507 1941 525 1982 a
555 1923 724 1986 meridiano.
773 1926 801 1983 5.
829 1923 914 1983 Haec
943 1924 1091 2000 elongatio
1115 1923 1207 1997 Solis,
1238 1940 1304 1982 eum
1332 1924 1371 1981 sit
1401 1940 1486 1982 arcus
1515 1924 1694 2001 aequatoris,

343 2013 519 2087 interceptus
542 2013 617 2071 inter
639 2011 777 2072 circulum
801 2011 1004 2071 declinationis
1027 2010 1105 2071 Solis
1129 2011 1175 2071 sel
1197 2010 1301 2071 stellae
1324 2018 1353 2069 et
1375 2010 1577 2079 meridianum,
1599 2008 1695 2070 resol-

340 2100 417 2157 vitur
438 2100 467 2156 in
490 2098 587 2172 horas,
611 2102 714 2159 sumtis
740 2101 787 2159 15.
811 2102 841 2158 i.
866 2100 916 2158 30.
941 2099 1119 2175 temporibus
1142 2115 1194 2176 pro
1218 2115 1293 2171 una,
1315 2099 1347 2156 sl
1364 2114 1422 2157 asc.
1440 2106 1520 2158 recta
1543 2097 1622 2156 illins
1636 2097 1693 2156 loci

339 2185 496 2258 habeatur,
528 2203 614 2261 quem
636 2185 688 2246 Sol
717 2186 843 2246 obtinuit
866 2185 914 2245 vel
942 2186 1086 2246 obtinebit
1108 2188 1137 2244 in
1160 2189 1225 2265 ipso
1247 2183 1375 2245 meridie.
1420 2183 1472 2245 810
1500 2193 1599 2244 autem
1623 2201 1695 2243 usos

339 2290 420 2333 esses
442 2272 508 2332 loco
537 2271 614 2332 Solis
646 2272 684 2332 ad
714 2275 807 2351 ipsam
837 2273 938 2332 horam
969 2272 1187 2349 inquirendam,
1218 2289 1317 2331 crasso
1345 2271 1433 2331 modo
1462 2274 1692 2349 praecognitam,

278 2383 280 2388 ⁴
341 2367 410 2418 tunc
441 2359 479 2418 15
509 2370 639 2437 tempora
668 2364 800 2439 praecisa
824 2360 923 2420 valern
945 2377 1034 2420 uriam
1056 2360 1167 2419 boram.
1193 2361 1220 2418 6.
1245 2359 1291 2418 De
1314 2358 1361 2419 die
1388 2362 1476 2435 igitur
1497 2360 1587 2419 horae
1611 2361 1695 2432 istae,

339 2446 409 2506 Sole
431 2445 527 2506 adhuc
549 2454 699 2524 surgente,
733 2448 901 2508 auferuntur
922 2465 942 2507 a
969 2450 1021 2520 12,
1045 2456 1078 2507 01
1099 2449 1223 2521 sciatur,
1247 2453 1319 2522 quot
1340 2446 1430 2505 borae
1453 2449 1512 2505 sint
1533 2447 1654 2526 elapsae
1676 2464 1695 2504 a

339 2533 435 2594 medis
458 2541 559 2610 noctc3
583 2544 614 2594 st
629 2533 698 2593 Sole
717 2535 779 2610 jam
802 2535 928 2596 cadente
946 2535 1144 2595 subtractione
1159 2550 1218 2595 non
1238 2542 1282 2593 est
1297 2550 1380 2610 opus,
1405 2535 1486 2609 ipsse
1501 2536 1577 2593 enim
1593 2533 1694 2608 borae,

215 2655 221 2677 .
342 2638 418 2697 qnae
440 2621 601 2697 prodeunt,
628 2632 816 2682 numerantur
837 2640 855 2683 a
876 2621 997 2681 meridie
1020 2639 1100 2683 more
1123 2624 1328 2682 astronomico.

428 2708 595 2785 Quomodo
608 2712 736 2768 uicissim
758 2729 795 2770 ea
822 2710 896 2769 doto
925 2709 1002 2769 bora
1032 2714 1194 2786 quaeritur
1221 2710 1355 2769 escensio
1384 2715 1467 2767 secto
1493 2706 1588 2766 medii
1610 2708 1692 2780 coeli,

339 2798 473 2856 mosontio
502 2795 625 2872 obliqua
651 2797 815 2874 horoscopi,
842 2805 996 2872 punctum
1031 2798 1183 2874 eclipticas
1210 2797 1325 2857 coelum
1354 2795 1492 2854 medians
1523 2802 1552 2853 et
1581 2797 1692 2868 oriens,

338 2883 467 2960 denique
496 2886 681 2943 moensionss
709 2886 848 2962 obliquus
879 2883 1028 2944 (10010001
1058 2885 1131 2944 coeli
1157 2892 1185 2944 ei
1210 2887 1302 2943 initia
1331 2900 1439 2942 eorum
1466 2885 1500 2941 in
1530 2881 1692 2959 ecliptico?

339 2971 417 3030 Ante
441 2972 538 3030 omnia
561 2987 635 3048 opus
659 2980 703 3031 est
725 2975 891 3049 cognitione
916 2973 976 3031 veri
999 2970 1056 3030 loci
1079 2971 1158 3032 Solis
1181 2973 1210 3029 10
1233 2969 1369 3047 ecliptica
1391 2969 1429 3029 ad
1452 2986 1575 3044 annum,
1606 2969 1693 3040 diem,

288 3122 296 3134 ,
338 3057 439 3117 horam
462 3066 492 3118 et
513 3059 656 3118 rnlnntum
677 3059 768 3119 borao
790 3061 971 3137 propositum
993 3062 1133 3135 temporis
1148 3061 1326 3136 apparentis.
1365 3057 1449 3116 illins
1463 3056 1520 3116 ioci
1544 3058 1695 3132 quaeritur

309 3155 324 3174 ⁶
339 3148 471 3206 ascensio
494 3152 574 3206 recta
597 3163 633 3205 ex
653 3150 836 3222 praemissis,
867 3149 915 3206 cui
937 3162 989 3224 pro
1019 3136 1143 3223 singulis
1188 3148 1245 3206 oris
1273 3143 1433 3206 ameridic
1456 3144 1618 3203 numeratis
1640 3142 1695 3202 sd·

339 3233 446 3293 duntur
472 3234 509 3292 15
525 3241 666 3310 tempora,
690 3251 743 3311 pro
765 3238 785 3293 4
809 3235 928 3294 minutis
944 3249 1035 3293 unum
1057 3241 1172 3312 tempus
1187 3240 1241 3294 etc.
1286 3231 1333 3292 lta
1356 3234 1543 3291 constituitur
1559 3233 1694 3291 ascensio

341 3328 422 3382 recta
443 3319 532 3381 rnedii
556 3320 641 3398 coeli.
1141 3329 1145 3338 ·

425 3407 483 3467 Pro
514 3408 735 3469 ascensionibus
766 3407 893 3484 obliquis
925 3410 1045 3484 insuper
1074 3416 1117 3466 est
1145 3424 1219 3486 opus
1250 3407 1418 3483 cognitione
1446 3404 1610 3465 altitudinis
1637 3404 1698 3482 poli

340 3510 428 3571 snper
457 3494 600 3571 cujusque
622 3495 679 3555 loci
712 3495 892 3563 horizontem
925 3503 954 3555 et
982 3495 1113 3570 reliquos
1136 3497 1156 3552 4
1180 3494 1303 3554 circulos
1333 3496 1533 3572 positionum,
1562 3494 1615 3568 qni
1645 3493 1698 3551 tri·

339 3583 419 3642 cenis
442 3581 583 3658 gradibus
597 3584 765 3659 aequatoris
789 3579 965 3664 (secundnm
981 3582 1264 3659 Regiomontsunm)
1288 3580 1335 3640 vel
1356 3580 1501 3640 verticalis
1523 3578 1698 3656 (seeundum

338 3664 426 3747 alios)
448 3668 486 3729 ab
509 3670 634 3730 invicem
657 3670 775 3743 distant,
799 3673 882 3730 initio
906 3688 924 3729 a
946 3670 1110 3729 meridiano
1134 3676 1234 3747 capto:
1259 3686 1334 3745 quae
1350 3667 1505 3727 methodus
1530 3666 1641 3727 tradita
1655 3675 1698 3726 est

337 3763 420 3832 parte
442 3758 562 3834 prima.¹
590 3757 675 3817 Tunc
704 3760 793 3833 igitur
816 3758 852 3818 ad
876 3760 1078 3818 ascernionem
1103 3765 1212 3816 rectam
1239 3756 1330 3815 medii
1351 3756 1425 3815 coeii
1447 3772 1500 3816 seu
1523 3754 1565 3814 X.
1594 3753 1698 3814 dornns

339 3841 447 3902 additis
471 3845 522 3919 30,
549 3845 598 3918 60,
625 3846 675 3922 110,
702 3846 771 3915 120,
800 3846 860 3906 150
883 3845 1064 3921 temporibus
1076 3845 1256 3921 aequatoris,
1280 3845 1496 3903 constituuntur
1510 3844 1698 3902 ascensiones

291 3930 297 3943 “
340 3929 479 4008 obliquae
503 3930 641 3990 domuum
663 3930 721 4005 Xl,
745 3931 867 4011 xii,1,
891 3950 943 3993 seu
968 3932 1125 4007 horoscopi
1149 3929 1266 4003 Π,111.
1312 3930 1387 3990 Cum
1407 3930 1454 3989 his
1477 3930 1698 3991 ascensionibus

338 4017 467 4093 obliquis
489 4021 650 4079 coorientia
672 4027 782 4096 puncta
804 4018 972 4097 eclipticas,
997 4019 1154 4097 quodlibet
1176 4020 1206 4075 in
1231 4035 1286 4077 sua
1309 4019 1426 4096 propria
1448 4017 1511 4094 poli
1533 4016 1698 4090 altitudine,

339 4107 526 4164 inveniuntur
556 4123 608 4184 per
634 4106 795 4166 doctrinam
826 4106 972 4168 secundae
1002 4109 1101 4183 partis.
1152 4101 1360 4182 Oppositarum
1390 4121 1460 4165 vero
1476 4103 1625 4163 domuum
1646 4103 1698 4177 IV,

339 4192 376 4265 V,
400 4190 454 4265 VI,
477 4191 545 4265 vn,
568 4191 653 4266 Vlll,
676 4192 733 4252 IX.
758 4195 842 4253 initis
864 4203 966 4255 tenent
988 4194 1144 4270 eclipticas
1160 4199 1268 4268 puncta
1291 4195 1436 4270 opposita.
1474 4192 1523 4252 Ita
1545 4199 1610 4251 tota
1627 4191 1698 4253 coeli

339 4281 430 4341 iacies
452 4296 506 4340 seu
529 4278 629 4339 thema
649 4279 777 4341 eoeleste
801 4283 921 4358 erigitur
942 4284 1028 4358 eique
1051 4284 1113 4340 suis
1140 4279 1214 4339 locis
1237 4281 1402 4339 inseruntur
1422 4279 1572 4356 planetae.
1680 4290 1690 4305 ‘

426 4366 461 4426 st
484 4367 560 4428 boso
582 4373 720 4443 estpars
742 4370 790 4427 24.
815 4368 875 4427 diei
895 4369 1064 4442 naturalis,
1088 4367 1148 4427 illo
1170 4384 1242 4427 nero
1264 4368 1349 4427 valet
1366 4375 1506 4443 temporo
1528 4368 1698 4443 aequatoris

339 4458 389 4516 60.
409 4454 463 4515 59.
487 4455 527 4533 8,
557 4454 678 4513 uidetur
691 4448 795 4530 ¹ipitiu-
816 4463 845 4514 et
868 4456 946 4516 hosa
964 4457 1037 4532 plus
1059 4456 1163 4515 uolsre
1185 4472 1280 4530 quom
1304 4456 1339 4514 15
1361 4462 1510 4530 temporo.
1556 4451 1698 4531 Equidem

252 4573 259 4579 ·
337 4547 427 4604 etism
449 4540 521 4601 illud
533 4540 763 4601 additamentum
788 4542 839 4602 59¹
863 4544 914 4615 8“,
939 4559 997 4619 quo
1021 4541 1085 4603 dies
1108 4541 1259 4619 quaelibet
1281 4541 1396 4603 excedit
1419 4544 1564 4618 integrum
1589 4557 1698 4617 aequa

339 4638 439 4702 torem,
465 4628 701 4705 dispertiendum*
718 4637 762 4689 est
784 4632 814 4688 ln
838 4632 880 4688 tt
903 4630 1001 4706 horas,
1024 4631 1050 4689 sl
1073 4636 1262 4689 numerentur
1283 4628 1353 4689 illae
1374 4636 1516 4707 apuncto
1531 4628 1698 4706 aequatoris

338 4716 522 4791 invariabili,
555 4716 634 4793 quod
665 4734 730 4776 cum
753 4716 823 4777 Sole
853 4717 909 4776 init
930 4718 960 4775 10
984 4716 1156 4777 meridiano.
1204 4715 1246 4776 ht
1267 4715 1385 4793 qnando
1409 4716 1604 4776 reruslocus
1627 4714 1698 4775 soh

339 4806 463 4881 ejusque
486 4821 544 4864 asc.
568 4810 649 4863 recta
669 4822 729 4863 non
751 4804 829 4863 nude
852 4803 890 4863 ad
913 4804 1072 4878 meridiem,
1096 4804 1150 4865 sed
1172 4804 1261 4881 plane
1284 4803 1322 4863 ad
1344 4807 1439 4882 ipsam
1461 4803 1564 4863 horam
1581 4819 1698 4880 compn-

339 4899 426 4964 tstur,
449 4901 518 4952 tnnc
532 4891 589 4952 hoe
603 4894 667 4968 ipso
679 4893 742 4968 jam
758 4893 883 4952 accessit
897 4890 993 4953 medio
1010 4892 1087 4952 coeli
1102 4899 1227 4965 tantum,
1245 4898 1386 4967 quantum
1402 4892 1566 4952 debebatur
1581 4890 1698 4951 totideu

339 4977 420 5038 boris
443 4978 480 5038 de
502 4977 719 5057 additament03
742 4978 850 5040 sufficit
872 4980 961 5058 igitur
976 4987 1046 5041 tunc
1067 4996 1121 5057 pro
1145 4996 1204 5039 una
1219 4979 1293 5039 bora
1316 4987 1486 5058 computare
1504 4978 1543 5039 15
1561 4974 1698 5057 uapore
