3609 5767
298 422 362 551 ses
748 476 1179 555 sumtum-

273 625 448 723 ⁸subtrsctu
476 659 547 721 iecit
567 630 956 741 secessionem‘obllqnem,
982 661 1095 723 eedem·
1110 661 1211 723 sddite
1235 662 1305 729 lseit
1327 660 1548 723 descensionem
1571 659 1648 720 obli·

299 766 396 828 quem,
420 756 450 808 et
471 751 600 809 vicissim
623 768 698 829 quse
721 738 851 825 additur}
874 755 908 809 nt
928 749 980 809 fiet
1002 753 1135 850 moensio
1159 748 1293 828 oblique,
1326 749 1459 811 subtrahi
1481 748 1583 823 debet,
1615 754 1649 806 ut

196 860 198 863 ⁴
299 841 338 898 slt
360 835 510 896 descensio
533 837 662 916 oblique.

390 923 477 1001 Quae
506 925 577 985 bine
605 929 704 987 oritur
735 925 882 1001 ueuiopio
904 926 1190 992 inter-uecessioues
1219 932 1248 984 et
1268 924 1469 985 descensiones
1491 920 1650 999 odliqescs?

304 1014 330 1073 l.
361 1009 479 1088 Quente
501 1022 545 1073 est
567 1016 699 1074 escensio
722 1029 806 1073 eroue
829 1010 868 1072 eb
891 1011 999 1072 Arietis
1022 1013 1164 1090 principio
1187 1013 1304 1089 incepti,
1328 1019 1410 1072 teute
1432 1018 1477 1071 est
1499 1010 1651 1071 (impensio
1692 1085 1695 1092 ⁴

185 1135 188 1139 -
302 1114 387 1160 ersus
409 1098 541 1176 esquelio
564 1119 583 1160 e
603 1102 746 1178 principio
769 1098 875 1162 Libree
902 1099 1011 1177 incepti
1034 1108 1063 1160 et
1084 1100 1223 1159 vicissim·
1267 1098 1349 1160 Idem
1371 1116 1473 1162 serum
1496 1105 1541 1158 est
1564 1099 1654 1157 etism

302 1186 339 1246 de
362 1184 493 1247 discretis
515 1188 640 1247 arcubus
662 1186 836 1265 aequalibus
858 1188 1010 1264 oppositis.
1054 1186 1160 1247 liuline
1182 1189 1284 1265 itequs
1297 1186 1371 1246 liunt
1392 1185 1513 1247 ueniae
1529 1184 1654 1245 deseen-
1700 1209 1702 1214 ’

302 1276 427 1348 sionnm,
451 1272 598 1334 sufiiciunt
620 1277 833 1337 ascensionum.
880 1277 910 1333 l.
941 1272 1043 1334 Portos
1067 1274 1186 1335 eusdem
1208 1272 1399 1335 escendentes
1428 1281 1506 1334 recte
1529 1271 1654 1334 descen·

304 1361 378 1421 dont
401 1360 520 1437 oblique
542 1369 572 1421 st
592 1358 732 1422 vicissim.
971 1367 973 1370 ’
1335 1375 1339 1380 ’

392 1447 474 1525 Quot
493 1456 566 1508 sunt
586 1468 698 1526 peoora
718 1452 904 1526 positionum
926 1448 1073 1524 sphaerae
1101 1454 1236 1525 respectu
1259 1451 1433 1527 ceqonrorte
1453 1456 1483 1508 et
1503 1446 1657 1523 eclipticas

299 1538 488 1612 junctum
508 1548 567 1612 per
589 1554 666 1613 quos
686 1537 859 1599 venantur*
875 1539 1061 1596 eecmsioece
1081 1534 1241 1612 obliquae?
1272 1535 1370 1598 conae
1398 1543 1466 1596 sunt
1488 1539 1518 1593 in
1542 1536 1655 1594 utrovis

305 1623 518 1701 iemlsphserio
540 1626 710 1702 positiones,
733 1623 839 1701 quibus
862 1622 976 1683 aceedit
998 1616 1123 1701 septime
1139 1623 1282 1702 sphaerae
1303 1632 1409 1686 recres.
1454 1622 1531 1683 Nem
1553 1629 1657 1681 vertex

306 1711 363 1771 loci
393 1710 442 1772 sei
470 1711 527 1770 snb
555 1720 744 1789 eeqnetorsm
772 1710 863 1785 cedit,
891 1710 940 1770 vel
971 1712 1048 1770 inter
1076 1716 1265 1787 eequstorem
1289 1717 1318 1772 et
1338 1713 1498 1789 tropicum,
1527 1708 1578 1769 vel
1599 1708 1657 1768 snb

306 1800 402 1876 ipssm
425 1800 584 1875 tropicum,
615 1797 665 1859 rel
688 1801 763 1860 inter
784 1800 929 1877 tropicum
950 1805 981 1858 et
1002 1796 1149 1875 poierem,
1171 1797 1221 1858 rel
1242 1800 1298 1859 snb
1318 1798 1416 1878 ipsum
1436 1792 1585 1877 poierem,
1608 1793 1658 1855 sel

307 1889 382 1946 luter
403 1885 533 1963 poisrem
556 1891 586 1946 et
600 1886 711 1964 polum,
734 1884 782 1947 rel
805 1886 980 1964 snb'lpsnm
995 1884 1118 1963 poium'
1149 1884 1184 1944 In
1206 1888 1300 1963 prime
1315 1886 1433 1965 quidem
1455 1886 1558 1946 herum
1573 1884 1658 1962 posi·

170 1994 179 2012 ι
307 1975 419 2033 donum
440 1976 627 2034 escensiones
649 1980 718 2033 snut
739 1979 853 2033 tentum
874 1980 980 2046 rectae,
1004 1971 1040 2033 de
1062 1974 1169 2050 quibus
1189 1974 1251 2050 jnrn
1274 1981 1319 2035 ert
1339 1982 1532 2047 trsnsoctum,
1557 1975 1586 2032 in
1609 1970 1659 2031 nl·

196 2083 199 2091 ·
231 2068 235 2087 '
308 2062 380 2121 time
402 2067 471 2120 sunt
493 2064 679 2123 escensiones
701 2061 788 2140 plene
811 2060 919 2120 nnllee.
965 2059 1128 2137 Supersunt
1149 2062 1238 2137 igitur
1259 2078 1312 2137 pro
1334 2062 1557 2126 ascensionibus
1579 2058 1659 2120 obli·

307 2150 374 2226 quir
396 2151 504 2225 quinos
525 2150 556 2206 in
579 2156 703 2226 utroque
725 2147 940 2226 hemisphaerio
959 2149 1123 2225 positiones
1144 2148 1345 2214 intermedlss.

298 2240 301 2245 “
397 2234 553 2311 compara
574 2239 757 2297 musmones
784 2236 1033 2296 st-deeceneionce
1060 2238 1220 2313 utriusque
1248 2236 1461 2314 densisplecerii
1487 2239 1569 2308 inter
1588 2250 1657 2293 sese.

312 2326 338 2383 1.
372 2320 490 2398 Qusnte
513 2327 559 2383 est
580 2325 610 2381 in
632 2322 733 2400 ulique
755 2330 835 2388 cette
856 2322 918 2402 poli
941 2322 1175 2401 septentrionalis
1198 2324 1363 2387 elevatione
1379 2324 1465 2401 signu,
1487 2321 1597 2402 medus
1611 2319 1661 2382 vel

307 2412 407 2489 punui
422 2410 564 2488 uniusque
580 2409 732 2488 eclipticus
752 2413 885 2474 escensio
907 2409 1038 2488 oblique,
1062 2416 1144 2470 tentn
1157 2422 1202 2472 est
1223 2413 1252 2471 in
1276 2407 1575 2491 eeqneii'eievetioue
1598 2407 1662 2488 poli

300 2498 447 2559 'eustrelis
468 2497 600 2575 ejusdem
621 2500 712 2575 signi,
741 2497 849 2575 gradus
871 2497 920 2559 vel
942 2499 1042 2576 puncti
1065 2497 1216 2560 descensio
1238 2499 1374 2577 oblique,
1404 2506 1434 2561 et
1464 2505 1576 2575 queste
1601 2495 1662 2556 illie

311 2584 472 2659 descensio,
495 2592 578 2645 unte
598 2583 647 2646 hic
670 2586 829 2670 uso'ensio.¹
844 2588 890 2648 ,2
921 2582 1070 2662 Quicquid
1092 2584 1304 2649 demomnersr
1325 2588 1362 2649 de
1384 2589 1479 2664 signo,
1501 2583 1596 2663 pedo
1610 2581 1662 2645 ssi

308 2680 416 2751 puncto
439 2678 518 2733 certo
542 2671 694 2750 eclipticas
717 2675 746 2733 iu
768 2672 986 2751 hemisphaerio
1005 2673 1241 2750 sepunuionslr,
1262 2691 1365 2736 verum
1385 2674 1417 2734 id
1440 2676 1494 2735 erit
1511 2675 1602 2734 etism
1623 2670 1662 2732 de

309 2762 404 2837 signo,
423 2759 518 2837 prede
541 2760 721 2838 selpuucto
744 2762 880 2840 opposito
902 2762 933 2821 in
955 2759 1077 2821 nubeli
1098 2760 1312 2839 hesiqbesrlo
1333 2759 1576 2838 eltsnuiuspoli
1599 2759 1663 2821 eie-

310 2850 428 2909 vetione
454 2848 589 2925 utrinque
611 2847 724 2910 eedem
787 2925 791 2934 .
1171 2925 1176 2941 .
1452 2895 1455 2907 .

318 2995 324 3003 =
400 2951 558 3030 Quomodo
579 2968 609 3011 ee
629 2951 718 3013 babet
742 2951 917 3030 differostic
938 2954 1152 3014 westernere
1180 2954 1224 3014 od
1247 2958 1449 3019 meeurimsem
1467 2960 1664 3028 smper

310 3042 413 3101 curios
433 3040 580 3116 sphaerae
597 3039 739 3116 positus?
771 3039 806 3097 ln
829 3036 954 3118 sphaere
976 3047 1057 3100 recte
1086 3041 1162 3101 slent
1191 3045 1325 3105 eecemio
1353 3043 1474 3119 oblique
1495 3039 1592 3115 nolle,
1621 3041 1665 3100 sic

312 3144 397 3189 meus
420 3127 573 3205 eclipticus
595 3127 634 3188 ub
656 3126 842 3204 seqninoctio
865 3128 995 3204 propiori
1016 3134 1094 3188 retro
1116 3124 1164 3189 vel
1185 3145 1272 3206 porro
1295 3133 1408 3192 ortensi
1429 3128 1592 3190 Merenda
1613 3141 1665 3187 ss-

312 3214 487 3276 oeneionelis
508 3213 703 3298 quentitstsrn
725 3214 839 3275 obtinet
859 3213 980 3288 nudem,
1003 3216 1032 3274 in
1057 3215 1186 3293 obliquis
1206 3234 1273 3279 omn
1289 3218 1468 3295 &pedone
1488 3217 1528 3278 eb
1551 3213 1672 3292 seque?

312 3310 374 3366 tore
396 3303 521 3381 ecqnlrit
541 3303 671 3380 ellqnem
693 3304 901 3379 quantitatem,
935 3303 964 3362 'et
991 3303 1131 3380 quamdiu
1154 3303 1271 3381 quidem
1298 3313 1343 3366 est
1371 3306 1447 3366 inter
1472 3301 1673 3381 sequetorem'

315 3397 345 3453 et
366 3390 506 3469 polerem,
528 3392 622 3458 minor
644 3396 690 3451 est
711 3391 882 3453 escensione
903 3398 997 3465 recte,
1027 3391 1082 3450 snb
1102 3391 1198 3469 polsri
1220 3393 1354 3469 eeqnelis
1376 3396 1413 3469 ei,
1437 3395 1513 3452 intre
1534 3389 1668 3469 polsrsm

316 3478 410 3559 msjor
431 3478 483 3541 ille
504 3495 557 3555 per
578 3494 680 3556 omnes
701 3482 903 3558 proportiones
926 3480 1108 3555 successive,
1131 3496 1190 3556 qno
1212 3483 1334 3559 propino
1356 3481 1394 3544 ed
1416 3480 1516 3558 punse
1539 3481 1667 3540 venitur.

938 3598 1009 3658 lim
1026 3597 1079 3653 snb
1094 3596 1185 3668 poisrl
1199 3597 1490 3669 junguntnrsellptloe
1501 3601 1530 3651 et
1544 3595 1667 3663 horizon,

832 3677 835 3678 ⁷
938 3677 1563 3750 qnotlupoluseclipticeeinserticemvenit:
1580 3686 1669 3744 quere

935 3759 1124 3818 semicirculus
1150 3759 1258 3831 'neeges
1292 3758 1479 3815 eumdem
1511 3755 1598 3811 heim
1625 3752 1671 3809 ssi

938 3837 1051 3900 omnm,
1074 3837 1201 3901 munte
1222 3838 1295 3894 ssim
1318 3844 1362 3895 est
1381 3837 1410 3893 in
1427 3834 1609 3896 ᾱίίὶιιιιιίη
1626 3848 1669 3890 ιι·

578 3650 629 3703 liin.
643 3649 677 3695 si.

939 3918 1122 3975 censionslem
1140 3917 1357 3985 subuectorium,
1373 3916 1496 3984 reliqqus
1513 3927 1578 3972 vesu
1591 3911 1671 3970 semi·

939 3998 1059 4056 cuculus
1083 3997 1229 4068 eclipticus
1254 3995 1350 4067 adjicit
1374 3994 1544 4057 semio'renlo
1568 4006 1671 4062 uque·

939 4077 1007 4133 toris
1023 4073 1163 4132 vcoorien'ti
1185 4076 1213 4130 in
1237 4082 1312 4132 rectu
1334 4071 1453 4145 sphecre
1471 4070 1672 4129 semicirculum

938 4155 1085 4224 reliquum.
1120 4154 1243 4223 Cumque
1266 4154 1316 4210 snb
1342 4153 1431 4224 polsrl
1453 4150 1570 4221 snguine
1595 4150 1670 4221 Euo

939 4235 1013 4291 ister
1029 4241 1205 4303 sequntorsns
1217 4239 1245 4288 et
1262 4234 1428 4289 horizontem
1441 4230 1477 4287 sit
1488 4231 1612 4302 sequelis
1625 4245 1672 4286 sn·

872 4307 876 4331 ⁷
940 4313 1005 4383 qni·
1022 4314 1098 4370 inter
1112 4313 1263 4384 οιΙίμὶαιι
1280 4318 1309 4369 et
1325 4318 1499 4381 eeqnetoren
1509 4309 1674 4380 Qlllosser·

935 4388 988 4451 'sss
1014 4401 1117 4451 motem
1142 4395 1241 4464 rusios,
1268 4407 1364 4453 serem
1389 4389 1549 4460 pmllehm
1575 4391 1674 4458 mmor,

921 4471 1193 4542 ‘emoliendoigitnr
1209 4474 1297 4530 entire
1310 4473 1359 4542 00
1368 4470 1425 4527 ssb'
1438 4469 1676 4541 pulerieeqsetur

942 4553 1017 4611 moni
1035 4552 1178 4624 eclipticsc
1196 4552 1245 4612 EO
1262 4551 1417 4624 proposito,
1438 4566 1457 4608 ι
1473 4548 1562 4608 ricino
1581 4549 1676 4618 eeqrdr

792 4667 796 4675 ‹
830 4653 834 4663 ¹
942 4634 1033 4694 noetio
1051 4635 1174 4704 incepto,
1197 4639 1276 4689 extre
1292 4631 1381 4687 minor
1402 4635 1458 4702 ost,
1479 4628 1554 4687 intre
1570 4628 1676 4701 meiurp

841 4721 843 4724 ’
892 4783 895 4791 s
943 4711 1025 4771 ducto
1042 4713 1126 4783 igitur
1144 4711 1247 4773 cuculo
1264 4710 1453 4788 declinsdonis
1464 4706 1536 4767 ΡΤΟ
1548 4707 1578 4765 in
1589 4723 1677 4778 puuc-

830 4799 835 4840 ῖ
941 4799 1000 4849 tnm
1019 4792 1161 4864 eclipticus
1180 4792 1269 4847 oriens
1287 4789 1325 4859 Ο,
1347 4787 1395 4860 qui
1411 4786 1601 4863 escensionem
1618 4801 1678 4844 rec·

943 4879 1000 4930 tem
1017 4868 1068 4927 ΕΤ
1086 4885 1102 4929 ι
1120 4869 1272 4929 diderentle
1290 4866 1472 4928 escensioneli
1489 4866 1538 4939 Tu
1556 4870 1679 4937 ιυριιιι,
