3609 5767
183 1679 499 1798 antiolius
526 1680 971 1800 lsruouolssnu
999 1687 1467 1806 cerauniorum

623 1951 628 1960 ‘
663 1934 785 1996 LIBER
806 1933 987 1999 TERTIUS.

308 2124 363 2209 bii
390 2124 593 2210 homullis
620 2124 737 2208 Plillll
762 2122 922 2230 dorbi,
956 2125 1077 2211 lllb'lll
1105 2127 1339 2216 subtilior.

240 2495 304 2559 Cur
322 2497 532 2573 proemittitur
553 2494 692 2556 dodmm
710 2492 867 2573 epho'crico
889 2496 1060 2559 theoricae?
1080 2496 1144 2557 Etsi
1165 2497 1296 2559 theorica
1313 2508 1411 2563 motus
1432 2503 1499 2581 pla·

136 2588 283 2644 netamrn
305 2586 414 2662 proprii
437 2584 648 2661 perseipsum
671 2601 708 2643 ex
730 2586 895 2645 constitutis
917 2584 1131 2663 hypothesibus
1152 2593 1250 2661 potest
1265 2587 1340 2647 tradi
1364 2597 1393 2649 et
1415 2607 1497 2651 com·

139 2670 303 2745 prehendi,
333 2670 414 2731 nullo
444 2670 578 2747 indigens
609 2669 784 2732 adminiculo
815 2680 911 2732 motus
939 2673 1033 2732 diurni
1063 2689 1115 2731 scu
1137 2675 1237 2749 primi,
1267 2682 1364 2735 motus
1397 2688 1499 2740 contra

142 2756 232 2826 primi
256 2766 396 2822 accurata
417 2757 588 2836 explicatio,
616 2776 692 2835 quae
714 2760 842 2837 perlecta
863 2762 902 2819 sit
925 2759 1061 2820 omnibus
1083 2760 1224 2834 numeris,
1258 2765 1425 2838 cognitione
1447 2784 1498 2827 se-

147 2846 512 2926 inconsummationem
535 2861 605 2907 vero
628 2846 876 2920 Sollamotuum,
908 2846 1023 2908 demum
1046 2845 1209 2907 absolvitur
1230 2849 1389 2926 multisque
1410 2853 1499 2914 rebus
1578 2914 1579 2917 ,
1633 2907 1635 2911 ,
1733 2884 1738 2889 ·

150 2943 185 2987 ⁸¹
208 2934 339 2997 theorica
360 2952 412 3013 per
430 2935 669 3011 anticipationem
691 2936 790 3010 petitis
807 2934 934 3011 indiget:
958 2942 1026 2995 sunt
1040 2942 1137 2994 tamen
1160 2932 1284 2994 idoneae
1307 2953 1423 3013 causae,
1447 2957 1499 3001 cnr

184 3017 284 3084 durno
316 3031 399 3083 motu
429 3023 612 3099 incipiamus.
658 3020 787 3081 Primum
815 3023 892 3083 enim
924 3031 1021 3082 motus
1053 3020 1173 3081 diurnus
1201 3023 1301 3081 sensui
1330 3026 1426 3084 notior
1450 3035 1496 3087 est

156 3113 301 3188 magisque
324 3109 440 3185 obvius,
463 3108 659 3187 qnippeceler
681 3114 711 3167 at
733 3108 922 3186 quotidianus
945 3118 975 3170 et
998 3111 1077 3169 ritae
1099 3115 1217 3169 nostrae
1240 3110 1403 3171 rationibus
1425 3131 1497 3190 pro·

160 3200 279 3267 portione
300 3200 396 3278 magis
418 3196 607 3275 respondens,
629 3197 730 3272 itaque
752 3197 840 3256 etism
862 3198 943 3274 prius
960 3197 1086 3256 innotuit
1107 3194 1236 3278 humano
1255 3199 1373 3274 genari3
1397 3207 1495 3260 motus

164 3285 267 3345 somnii
298 3292 368 3347 sunt
390 3285 578 3359 occultiores,
606 3301 624 3343 a
652 3300 742 3345 seusu
762 3286 931 3346 remotiores
954 3291 982 3344 ei
1005 3289 1122 3361 propter
1144 3282 1311 3343 tarditatem
1337 3287 1496 3365 variasque

166 3367 347 3435 iuthcationcs
376 3391 442 3436 cum
469 3374 564 3450 primo
592 3368 780 3445 indignamnt
806 3370 896 3448 longa
925 3370 1158 3432 doctissimorum
1186 3371 1392 3434 observatione
1415 3375 1494 3435 mul·

168 3460 236 3533 tuqus
263 3463 359 3539 magis
391 3459 591 3540 speculatione
619 3456 658 3518 ad
681 3458 900 3519 constituendas
929 3457 1115 3536 hypotheses.
1160 3455 1233 3518 June
1254 3460 1354 3537 itaque
1377 3462 1495 3523 traditio

169 3538 236 3619 brius
256 3548 406 3610 doctrinae
428 3549 560 3624 sequitur
581 3544 712 3605 ordinem
734 3546 978 3623 investigationis.
1022 3545 1137 3607 Deinde
1168 3548 1279 3623 primns
1302 3550 1494 3612 instrumento

170 3635 346 3697 tntummodo
369 3636 511 3715 sphaerae
533 3633 661 3710 indiget,
695 3627 774 3709 quod
796 3639 842 3694 est
864 3634 1012 3694 coniorme
1034 3632 1117 3695 coelo
1140 3634 1311 3710 aspectabili
1334 3646 1494 3716 possetque

172 3721 364 3790 quodammodo
388 3723 435 3785 rei
449 3725 479 3782 in
501 3723 566 3799 ipso
589 3720 671 3781 coelo
694 3722 848 3781 monstrari
862 3722 927 3781 sine
945 3722 1154 3796 instrument03
1177 3722 1371 3783 secundorum
1386 3741 1495 3787 causae

172 3811 193 3859 ct
206 3814 323 3873 rationes
346 3812 428 3872 nullo
450 3809 538 3870 modo
560 3810 590 3867 in
613 3807 696 3868 coelo
719 3807 892 3885 aspectabili
915 3807 1156 3882 demonstrantur,
1179 3808 1231 3868 sad
1251 3812 1369 3871 omniuo
1391 3813 1495 3874 tabula
1537 3819 1540 3823 '

171 3888 236 3964 plens
262 3900 408 3977 indigent,
442 3895 606 3975 cujusmodi
635 3896 787 3973 planitiem
817 3897 847 3955 in
876 3896 959 3956 coelo
991 3896 1075 3973 uobis
1097 3913 1156 3957 non
1178 3895 1265 3956 facile
1288 3899 1494 3977 imaginamur.

171 3974 212 4039 Sed
229 4002 278 4046 nec
299 3986 387 4047 facile
410 3996 454 4047 est
476 4002 528 4059 ea,
566 4001 643 4061 quae
665 3982 900 4043 demonstrantur
923 3985 952 4043 in
975 3984 1078 4045 tabula
1099 3983 1136 4045 de
1164 3983 1316 4061 secundis,
1346 3987 1494 4064 applicare

171 4067 231 4130 rocio
251 4075 321 4151 ipsi,
345 4083 385 4144 nt
407 4072 479 4134 illud
507 4070 599 4133 oculis
623 4072 762 4145 occurrit,
789 4072 845 4131 nisi
868 4072 949 4149 prius
971 4078 1125 4149 perceptus
1147 4072 1234 4130 inerit
1255 4081 1353 4133 motus
1374 4077 1493 4152 primus,

170 4158 293 4222 uiuente
315 4163 449 4239 possita
471 4157 606 4220 secundis
628 4157 768 4223 abstrahi.

235 4248 311 4325 Quoi
332 4256 405 4309 sunt
424 4255 526 4327 portes
547 4238 702 4307 doctrim
720 4245 918 4324 sphaericae?
945 4243 1082 4323 Quinque
1104 4241 1298 4324 potissimum.
1344 4248 1442 4309 Prima
1464 4256 1494 4307 et

169 4335 270 4395 mnus
297 4345 366 4397 snut
395 4332 592 4413 generaliores
622 4341 651 4394 et
680 4334 829 4394 continent
856 4338 1110 4410 praeparationem
1141 4335 1180 4395 ad
1210 4334 1347 4413 reliquas.
1393 4335 1494 4417 Prima

169 4409 232 4480 locst
258 4423 323 4484 loca
353 4430 432 4484 ortus
462 4429 491 4484 et
524 4439 646 4482 occasus
670 4422 826 4497 ramosque
853 4422 928 4480 situs
958 4430 987 4481 et
1009 4439 1106 4486 moras
1129 4421 1280 4483 stellarum
1302 4439 1390 4498 snpra
1414 4422 1494 4482 hori·

167 4513 271 4587 sonem,
293 4512 345 4571 ubi
369 4510 522 4571 discrimen
546 4509 671 4569 cemitnr
692 4509 806 4586 positus
829 4506 971 4584 sphaerae
992 4518 1100 4585 rectae,
1123 4511 1262 4586 obliquae
1284 4516 1314 4569 ct
1335 4508 1493 4585 parallelae

167 4586 317 4676 huncque
339 4598 570 4676 hemisphaerio,
599 4595 819 4675 septentrionali
848 4601 878 4656 et
900 4597 1031 4658 annuali.
1076 4597 1222 4658 Secunda·
1235 4594 1324 4655 tradit
1346 4598 1439 4672 magis
1462 4597 1491 4654 in

166 4684 240 4752 uocis
261 4687 430 4764 quorumvis
452 4685 605 4763 eclipticas
627 4690 800 4762 punctorum
823 4685 1009 4754 ascensiones
1033 4693 1063 4746 et
1085 4684 1309 4756 descensiones,
1339 4698 1391 4758 per
1420 4699 1491 4760 sep·

165 4770 397 4852 imos'sphaerae
424 4770 600 4852 principales
629 4773 743 4849 positus
773 4768 810 4829 ad
840 4769 1005 4848 eclipticam
1039 4771 1165 4853 relatos,
1195 4773 1224 4829 in
1247 4775 1371 4844 utroque
1395 4768 1489 4829 hemi·

163 4852 283 4929 omerio.
335 4861 453 4937 Tertia,
480 4868 585 4939 quarta
613 4868 643 4920 et
671 4861 775 4937 quinta
800 4864 953 4919 versamur
980 4859 1023 4916 in*
1040 4859 1235 4935 explicatione
1265 4861 1428 4931 temporum
1463 4866 1492 4918 ct

160 4957 221 5018 quse
240 4949 433 5027 temporibus
449 4948 594 5011 accidunt
638 4946 740 5008 Tertia
761 4946 838 5005 enim
860 4938 897 5005 de
928 4962 1005 5005 auno
1028 4946 1153 5006 vertenti
1175 4943 1338 5018 diebusque
1362 4952 1391 5005 et
1413 4945 1493 5007 boris

1180 5047 1255 5107 14*
