3609 5767
317 520 355 576 14
699 512 841 583 Epistolae
859 512 970 584 liepleri
989 512 1156 582 aliorumque
1173 516 1283 569 mutuae
1363 494 1368 513 ’Χ

313 689 440 752 Telluris
463 697 493 750 et
514 685 640 767 simplici
663 694 832 768 eccentrico,
856 692 973 770 qualem
995 690 1091 751 habco
1114 692 1144 749 iu
1165 689 1270 751 Marte.
1318 685 1436 749 lidoruo
1458 705 1535 749 nnnc
1558 688 1663 766 Epito-

271 854 274 859 Υ
313 795 375 837 mes
398 778 601 839 Astronomiae
624 779 1039 856 Oopernicanaecditiouem,
1071 777 1123 838 s'ed
1151 777 1220 836 dum
1249 776 1287 837 ad
1316 777 1430 836 Lunam
1455 779 1564 848 venio,
1595 774 1662 851 plns

312 865 430 923 invenio
462 864 594 925 laborum
626 884 714 942 quam
746 886 893 944 uuquam,
924 885 990 928 cnm
1019 875 1115 926 tamen
1143 864 1296 943 potiisima
1324 882 1343 924 a
1375 864 1515 943 Tychone
1546 863 1662 922 Braheo

313 945 538 1027 sintjah'soluto.
582 952 639 1013 Illa
661 955 740 1015 levia
762 964 838 1030 sunt,
863 957 943 1032 quod
966 956 1100 1014 diametri
1121 954 1262 1012 lumin'um
1285 961 1314 1012 ct
1336 954 1455 1012 umbrae
1471 950 1549 1028 apud
1565 953 1661 1026 ipsum

312 1057 372 1120 non
394 1039 639 1118 correspondent,
664 1043 758 1119 major
781 1052 826 1103 est
849 1060 918 1104 cura
940 1043 1124 1119 aequationie
1146 1044 1285 1119 temporis
1309 1048 1338 1100 et
1360 1040 1439 1099 illius
1462 1038 1661 1115 inaequalita-

311 1128 365 1202 tis,
395 1139 483 1204 quam
512 1131 706 1189 variationem
736 1130 818 1189 dixit.
861 1131 938 1190 Nam
968 1148 1026 1206 quo
1056 1128 1154 1207 plures
1182 1130 1247 1205 ejus
1270 1130 1404 1187 examino
1428 1128 1662 1199 observationes,

311 1213 367 1274 hoo
389 1217 484 1274 minus
507 1215 678 1294 Tychouica
699 1220 832 1287 variatio
847 1218 1004 1296 respondet
1026 1218 1205 1291 observatis,
1236 1215 1309 1276 adeo
1332 1223 1365 1275 ut
1387 1214 1425 1274 ad
1452 1218 1504 1288 12,
1533 1216 1580 1285 13,
1612 1215 1661 1287 14,

315 1304 359 1374 15
381 1304 494 1362 minuta
529 1303 678 1364 dissideat.
724 1305 757 1363 ln
788 1306 834 1365 his
866 1306 963 1366 adhuc
992 1306 1107 1365 haereo.
1152 1303 1188 1362 In
1219 1307 1321 1363 ceteris
1353 1306 1396 1363 sic
1427 1320 1459 1362 se
1481 1306 1527 1362 res
1549 1301 1661 1360 habet=

311 1389 396 1449 [mua
419 1399 463 1460 est
485 1394 570 1466 quasi
593 1390 701 1469 duplex
715 1407 828 1469 ‘corpus
851 1392 1000 1470 habetque
1031 1392 1177 1469 duplicem
1205 1392 1349 1451 theoriam
1376 1391 1538 1468 physicam.
1584 1388 1661 1447 Nam

311 1480 340 1534 in
364 1485 504 1553 quantum
522 1477 612 1557 *Luna
634 1487 679 1539 est
701 1479 807 1556 globus
830 1481 954 1559 integer,
987 1481 1077 1539 habet
1099 1498 1154 1538 sua
1175 1477 1325 1539 filamenta
1348 1480 1528 1554 magnetica,
1554 1475 1661 1551 quibus

313 1564 435 1625 efficitur
457 1565 522 1641 ejus
542 1573 639 1626 motus
662 1565 838 1627 eccentrieus¹
861 1586 880 1627 a
901 1567 1000 1641 Terra,
1024 1570 1161 1643 aequatio
1184 1567 1252 1626 hinc
1266 1563 1312 1626 est
1327 1566 1498 1642 copularum
1513 1562 1660 1639 graduum

309 1651 349 1728 “5;
369 1651 494 1725 latitudo
516 1653 659 1731 graduum
682 1654 841 1715 itidem5.
873 1656 913 1714 In
931 1664 1071 1731 quantum
1095 1671 1165 1734 vero
1189 1654 1272 1712 Luna
1295 1671 1330 1713 ex
1354 1652 1474 1712 dimidio
1491 1660 1535 1713 est
1548 1650 1661 1709 illumi-

312 1749 395 1814 nata,
425 1748 457 1800 nt
489 1750 519 1801 et
547 1740 651 1825 Terra,
681 1745 860 1802 nanciscitur
882 1746 1017 1803 virtutem
1040 1744 1128 1801 aliam
1152 1749 1368 1818 temporaneam
1391 1749 1420 1800 et
1442 1742 1662 1816 impraegnatur

312 1827 485 1888 illuminatio
515 1827 553 1887 ab
581 1846 714 1906 apogaeo
744 1839 795 1889 eut
820 1834 975 1908 perigaeo,
1011 1831 1100 1889 boreo
1121 1828 1178 1891 vel
1200 1832 1331 1888 ansuino
1353 1830 1446 1888 limite
1468 1830 1549 1905 prins
1572 1826 1661 1899 dicto,

312 1923 345 1974 ut
366 1923 396 1975 et
418 1935 437 1975 a
457 1922 538 1974 motu
561 1916 625 1992 ejus
646 1917 752 1992 medio,
776 1920 819 1977 sic
841 1926 874 1978 ut
896 1920 1052 1979 crescentis
1075 1903 1274 1977 semicirculus
1298 1918 1514 2002 apogaeitatem
1538 1916 1565 1973 ei
1588 1929 1661 1972 con-

312 1999 392 2063 ciliet
413 2002 462 2063 vel
484 2004 703 2078 borealitatem,
731 2007 756 2063 si
786 2022 951 2082 apogaeum
977 2005 1026 2065 vel
1049 2007 1154 2065 boreus
1177 2004 1260 2064 limes
1283 2007 1378 2065 estin
1402 2007 1547 2063 crescente
1570 2003 1662 2061 sami·

313 2090 437 2165 circulo;
459 2093 680 2166 perigaeitatem
706 2091 751 2152 vel
774 2094 1063 2165 meridionalitatem‚
1086 2095 1111 2151 si
1135 2095 1303 2187 perigaenm
1326 2091 1375 2151 vel
1397 2088 1597 2157 meridionalia
1620 2087 1660 2146 li·
1689 2094 1692 2097 ’

312 2196 373 2238 mes
397 2182 428 2237 et'
440 2180 585 2237 vicissim.
616 2179 707 2240 Verbi
730 2196 828 2252 cause,
853 2181 938 2240 Luna
959 2180 1024 2257 lege
1047 2160 1194 2256 simplicis
1202 2180 1373 2254 copularum
1388 2178 1541 2238 theoriae
1534 2189 1564 2234 ru
1579 2175 1658 2234 nodo

311 2283 430 2325 versam
453 2272 549 2325 tamen
572 2273 617 2326 est
639 2266 774 2340 borealis,
799 2270 823 2325 si
847 2270 954 2329 boreus
976 2268 1060 2327 limes
1083 2275 1128 2327 est
1150 2269 1179 2325 in
1202 2265 1304 2328 codem
1328 2284 1394 2326 cum
1410 2266 1462 2325 illa
1476 2259 1661 2325 semicirculo

312 2359 459 2424 crescente
482 2352 530 2413 vel
553 2352 752 2431 decrescentc3
784 2357 866 2414 etin
889 2373 1023 2434 apogaeo
1046 2372 1183 2429 versans,
1212 2362 1309 2415 tamen
1331 2355 1422 2414 habet
1444 2353 1660 2429 aequationem,

233 2481 238 2491 «
307 2442 336 2499 si
360 2457 524 2529 apogaeum
549 2441 621 2517 ejus
637 2451 680 2501 est
702 2445 746 2500 in
755 2441 858 2502 eodem
881 2444 1073 2505 semicirculo.
1117 2435 1239 2527 ltaque
1251 2459 1366 2518 semper·
1394 2442 1485 2518 hujus
1514 2438 1661 2500 secundae

312 2528 442 2587 theoriae
465 2541 629 2605 apogaeum
652 2537 682 2589 et
703 2529 798 2589 nodus
822 2532 980 2608 conjuncte
1001 2539 1069 2590 sunt
1091 2550 1155 2590 cum
1179 2529 1249 2589 Sole
1271 2529 1320 2590 vel
1344 2529 1408 2606 ejus
1431 2530 1622 2606 opposito,
1608 2542 1661 2585 uec

311 2624 466 2676 transeunt
487 2633 505 2675 a
523 2615 593 2676 Sole
614 2616 652 2675 ad
675 2619 852 2693 oppositum,
876 2619 929 2679 sed
944 2622 1168 2696 exstingnuntur
1190 2620 1220 2675 in
1243 2634 1301 2677 uno
1324 2635 1377 2695 per
1398 2617 1553 2676 transitum
1575 2598 1661 2691 primi

313 2705 438 2780 apogaei
462 2705 490 2760 in
515 2702 656 2780 quadras,
691 2703 920 2766 incenduntur
913 2724 942 2764 ιιι
973 2708 1108 2783 opposito
1137 2722 1188 2782 per
1217 2722 1367 2765 accessum
1397 2703 1477 2763 illins
1500 2723 1518 2763 a
1542 2700 1662 2779 quadris

313 2791 351 2850 ad
373 2790 504 2868 copulas.
540 2790 623 2852 Haec
657 2794 840 2854 exactissime
869 2794 1147 2864 concilianturenm
1180 2794 1289 2853 tabulis
1312 2792 1462 2871 Tychonis
1484 2790 1661 2867 Lunaribns,

311 2877 374 2938 sine
396 2877 542 2940 solutione
562 2880 716 2955 trianguli,
747 2898 798 2957 per
824 2882 958 2942 tabulam
980 2881 1145 2959 expeditam
1168 2891 1198 2941 ct
1219 2880 1354 2951 iaciiem;
1378 2880 1491 2956 reliqua
1513 2894 1589 2954 qnae
1613 2893 1662 2935 se-

312 2974 447 3042 quuntur,
470 2966 617 3026 adhucin
641 2970 706 3045 ipso
729 2971 817 3028 otiam
840 2969 980 3047 Tychone
1002 2977 1071 3029 suut
1093 2972 1213 3041 incerta,
1236 2977 1269 3028 ut
1291 2967 1360 3026 dixi.
1404 2968 1480 3026 Nam
1503 2968 1532 3024 in
1555 2981 1662 3041 genere

312 3053 428 3130 quidem
451 3054 525 3114 haec
548 3061 593 3113 est
614 3055 769 3132 analogia,
794 3057 873 3132 quod
895 3059 970 3117 sicut
992 3060 1116 3134 primum
1139 3073 1302 3132 apogaeum
1324 3072 1377 3132 pro
1400 3062 1530 3135 tempore
1553 3055 1662 3112 excitat

313 3149 454 3219 ataugei
476 3148 528 3201 aut
550 3144 655 3202 minuit
678 3153 707 3203 ot
729 3146 888 3221 exstinguit
910 3163 1076 3221 apogaeum
1105 3144 1282 3224 secundnm,
1314 3143 1420 3203 boreus
1443 3142 1528 3201 limes
1551 3142 1661 3217 primus

313 3230 519 3290 borealitatem
542 3230 700 3290 secundam
724 3249 777 3292 seu
799 3240 991 3306 menstruam,
1022 3234 1065 3293 sic
1087 3234 1176 3291 etiam
1199 3239 1296 3291 motus
1318 3230 1431 3292 medius
1454 3231 1570 3302 Lunae,
1596 3245 1662 3287 cum

312 3325 356 3377 cst
379 3317 573 3377 indirectum
596 3321 664 3378 viae
688 3318 816 3379 Telluris
843 3322 919 3381 circa
943 3317 1056 3395 Solem,
1084 3317 1295 3397 prorsumvel
1326 3326 1499 3391 retrorsum,
1529 3333 1570 3375 so.
1596 3333 1662 3374 curn

304 3399 410 3464 'circuli
433 3405 679 3465 illuminationum
702 3416 865 3484 congruunt
886 3408 1064 3485 paralleliter
1092 3416 1121 3467 et
1142 3415 1264 3486 uterque
1286 3405 1393 3482 globus
1415 3406 1498 3470 alteri
1520 3402 1569 3463 vel
1592 3402 1660 3479 ple-

212 3479 215 3495 ”
305 3501 511 3569 nusapparet
532 3492 581 3552 vel
603 3511 731 3567 vacuus,
758 3494 924 3573 foeneratur
947 3494 1059 3573 aliquid
1081 3495 1243 3571 adjumenti
1265 3496 1348 3569 qnasi
1372 3511 1408 3562 ex
1430 3492 1517 3565 Sole,
1550 3497 1602 3549 aut
1625 3507 1661 3549 ex

311 3579 522 3640 illuminatione
545 3579 593 3641 vel
616 3582 662 3640 sui
684 3581 732 3641 vel
755 3581 881 3642 Telluris
903 3584 951 3642 vel
975 3587 1140 3659 utriusque,
1167 3599 1232 3641 oum
1256 3598 1326 3647 vero
1349 3590 1394 3641 est
1416 3583 1444 3639 iu
1460 3591 1659 3640 transversum

312 3669 422 3727 itineris
443 3667 587 3741 Telluris,
615 3686 655 3728 sc.
679 3671 756 3729 circe
777 3664 932 3746 quadras,'
949 3681 1019 3730 tunc
1041 3679 1138 3729 motus
1160 3669 1262 3728 Lunae
1286 3667 1400 3729 medius
1423 3668 1511 3728 sentit
1533 3666 1663 3741 impedi·

312 3761 454 3823 mentum:
479 3763 508 3816 et
530 3755 603 3815 haec
625 3763 670 3816 cst
691 3756 743 3817 illa
766 3756 900 3836 Tychoni
923 3758 1002 3818 dicta
1023 3760 1164 3830 variatio,
1194 3775 1271 3833 quae
1294 3765 1407 3829 tamen,
1431 3766 1575 3830 utsupra
1599 3752 1662 3812 dic-

312 3851 381 3915 tum,
405 3841 533 3901 nondum
556 3846 629 3903 setis
650 3843 827 3921 scrupulose
844 3863 909 3905 curn
926 3843 1180 3924 observationibus
1187 3855 1240 3904 >est
1255 3844 1425 3918 concihata3
1447 3844 1573 3902 variatio
1592 3842 1661 3916 qui-

312 3929 377 3989 dam
400 3929 570 4006 Typhonica
593 3939 694 3992 exacte
718 3935 886 4008 exprimitur
908 3952 960 4011 per
981 3936 1038 3992 ista
1060 3936 1219 4010 principia,
1251 3943 1279 3991 ct
1302 3940 1346 3991 est
1368 3931 1442 3991 hnee
1465 3931 1531 3990 cuni
1554 3930 1662 4006 priori-

310 4018 367 4076 -bns
392 4017 540 4094 analogia,
573 4019 652 4094 quod
675 4022 763 4079 etiam
786 4021 850 4094 hic,
881 4021 1020 4098 quamdiu
1051 4022 1135 4082 Luna
1156 4028 1202 4080 est
1224 4022 1252 4076 iu
1278 4019 1459 4079 semicirculo
1483 4014 1559 4099 (non
1583 4032 1664 4074 cres·

313 4112 394 4166 cente
417 4104 480 4181 sed)
504 4109 654 4182 superiori,
678 4110 707 4164 iu
731 4124 789 4183 quo
812 4115 857 4168 est
878 4111 1036 4185 oppositio,
1061 4111 1131 4185 quia
1146 4114 1215 4167 tuno
1230 4108 1325 4183 pergit
1334 4103 1418 4166 'viam
1434 4106 1569 4176 'Pollucis
1593 4103 1664 4163 iacit

312 4195 400 4253 eiiam
422 4192 621 4267 adjumentum
644 4195 700 4255 hoc
721 4212 892 4271 promovere
917 4196 1028 4255 Lunam
1053 4194 1213 4256 secundum
1236 4197 1316 4254 viam
1338 4194 1479 4267 Tellurisr
1503 4210 1568 4251 curn
1593 4207 1664 4249 vero

311 4281 397 4342 Luna
417 4296 469 4356 per
490 4281 654 4340 interiorem
677 4282 1081 4359 semicirculumcopularem
1103 4284 1222 4357 transit,
1254 4284 1310 4342 etsi
1337 4290 1407 4341 tunc
1428 4292 1562 4341 movetur
1586 4280 1664 4337 viam

312 4369 423 4430 Telluri
446 4370 634 4444 contrariam,
666 4370 736 4430 iacit
762 4378 858 4430 tamen
881 4373 969 4431 etiam
991 4366 1191 4448 adjumentum
1214 4370 1271 4430 hoc
1292 4386 1465 4448 promovere
1487 4370 1567 4428 viam
1590 4366 1664 4426 Tel-

312 4457 377 4528 luri
391 4457 572 4515 contrariam.

308 4577 314 4592 ·
368 4543 519 4603 ·'Haec
512 4562 539 4602 ro
570 4559 707 4619 praesens
737 4545 862 4606 scribere
894 4546 986 4606 volui.
1030 4546 1077 4605 Tu
1104 4563 1166 4623 quo
1193 4498 1277 4607 loco·
1291 4547 1350 4605 sint
1381 4542 1588 4621 chronologica
1610 4550 1662 4603 tua

297 4633 435 4692 ‘scribe⁸
458 4630 545 4691 Mitto
568 4649 642 4704 mea,
665 4633 779 4692 remitte
802 4632 861 4708 ille,
886 4633 1004 4710 quando
1026 4634 1141 4710 legeris,
1165 4634 1330 4723 Straussius
1354 4636 1523 4694 occasiones
1548 4631 1662 4692 iudica-

314 4720 364 4779 bit.
409 4719 495 4780 Vale
541 4720 569 4779 5.
594 4720 666 4796 Maji
694 4721 1023 4781 teloniarium
1048 4723 1098 4780 Ι).
1109 4720 1143 4780 Τ.

964 4807 1266 4870 observantissimus

1316 4919 1319 4926 ·
1397 4897 1430 4958 J.
1453 4894 1577 4973 Kepos.
