3609 5767
558 509 661 571 uther
675 512 790 576 Primus.
826 513 893 574 Pars
912 513 1013 573 Tertia.
1410 518 1469 580 lua

124 703 187 741 mne:
223 702 270 752 pro
296 688 435 750 Nicaeagna
460 695 522 753 puto
549 660 651 744 Geslllla
678 681 751 744 d'Oro
787 697 832 742 aut
860 692 968 741 Dertona
996 691 1141 757 legendnm
1171 697 1270 743 auetore
1296 695 1351 754 lam
1380 663 1470 755 00000.)

124 762 251 822 Causam
274 762 396 839 scriptor
421 761 530 820 confert
552 762 580 819 in
603 760 777 838 qualitatem
798 765 874 823 adria
897 772 1070 823 venenatam
1093 771 1122 823 et
1145 766 1365 840 penetrativam,
1388 762 1472 822 addit

125 866 209 921 reto,
232 854 293 905 tam
316 864 409 923 equos
433 865 522 926 qnam
545 850 703 908 insessores
727 849 890 925 obriguisse
912 847 997 927 gelu,
1026 853 1167 911 mansisse
1190 857 1287 911 autem
1310 857 1472 910 statuarum

124 940 213 996 instar
237 952 331 1011 usque
353 933 392 993 00
415 944 574 995 ceterorum
596 934 730 1010 reditum,
754 938 804 1013 qui
827 944 990 997 evaserant
1034 936 1125 996 Reote
1147 939 1235 1014 igitur
1266 937 1364 1014 colligi
1388 936 1471 997 ride·
1518 932 1524 938 ’
1631 921 1637 930 ’

123 1033 175 1097 tur,
200 1024 276 1082 inter
298 1040 404 1083 oausas
425 1022 514 1082 inisse
537 1022 681 1083 deiectum
704 1025 788 1083 airis.
824 1022 874 1084 Sio
884 1024 990 1101 pisces,
1014 1023 1050 1083 ad
1065 1023 1239 1085 hauriendas
1254 1024 1347 1084 undas
1370 1024 1468 1098 creati,

123 1113 273 1189 exspirant
294 1110 364 1171 ioris
387 1110 468 1169 ex'tra
490 1106 584 1170 undas
606 1109 723 1171 detenti.

211 1197 242 1277 3)
264 1196 300 1256 In
316 1192 418 1258 eodem
435 1195 561 1290 Olympo
584 1195 659 1257 adeo
682 1195 778 1257 nullos
800 1207 984 1258 asserentes
1010 1197 1160 1258 eontirmat
1176 1198 1357 1271 Aristoteles,
1381 1206 1413 1258 ut
1434 1214 1471 1257 ne

125 1287 309 1347 characteres
340 1285 458 1362 quidem
489 1286 618 1362 inseripti
648 1284 817 1364 pulveribus
849 1304 867 1344 a
894 1285 995 1347 multis
1026 1286 1110 1345 annis
1140 1286 1248 1345 turbati
1271 1286 1387 1346 inerint.
1433 1286 1473 1344 At

125 1372 172 1436 ubi
196 1368 302 1433 motus
320 1368 402 1432 deest
424 1373 508 1447 alitis,
532 1374 574 1431 rei
597 1371 821 1448 nobilissimae,
855 1389 984 1451 eousque
1007 1372 1164 1435 verisimile
1187 1382 1232 1433 est
1258 1378 1354 1435 obrem
1376 1376 1472 1451 ipsum

124 1480 180 1523 non
204 1460 379 1523 continuari.

212 1547 244 1629 4)
267 1548 367 1608 Nubes
396 1544 496 1608 nullae
528 1546 604 1608 ultre
621 1546 824 1625 ⁸quadrantem
855 1549 942 1611 unius
972 1545 1104 1607 milliaris
1137 1546 1285 1620 elevatae,
1316 1546 1473 1624 pleraeque

128 1636 222 1697 multo
245 1635 418 1696 humiliores
442 1634 602 1712 deprensae
624 1642 693 1695 sunt
723 1653 741 1693 a
763 1635 948 1695 mensoribus
976 1638 1004 1694 tn
1030 1636 1087 1694 oris
1111 1631 1263 1693 maritimis
1291 1633 1472 1695 humillimis:

126 1743 215 1801 qnare
239 1741 294 1784 nee
316 1727 368 1784 adr
388 1721 481 1784 inulto
504 1722 593 1783 attius
617 1722 842 1783 continuabitur.
887 1721 989 1783 Nubes
1012 1724 1089 1784 anim
1111 1729 1178 1782 sunt
1197 1721 1398 1782 exhalationes
1421 1738 1473 1783 seu

126 1812 252 1872 nebulae
275 1817 421 1884 recentes,
453 1827 548 1889 eoque
577 1808 673 1872 adbuc
697 1808 792 1878 ostent
821 1816 851 1873 et
874 1809 972 1873 oalore
1001 1808 1202 1872 subvehuntur
1223 1808 1353 1890 longius,
1385 1825 1472 1887 quam

125 1900 294 1980 refrigerata
317 1900 449 1960 materia.

216 1986 375 2067 00000000
396 1987 539 2063 metimur
560 1986 652 2047 nubis
672 1987 805 2071 alicujus
816 1985 1034 2064 pintudinem?
1077 1985 1255 2067 Nonmblto
1270 1984 1473 2061 aliter‚'qusm
1509 2013 1513 2016 ,

126 2075 223 2135 solent
245 2074 320 2137 alias
342 2074 504 2135 mensmari
535 2073 691 2136 distantiae
713 2090 807 2132 rerum
837 2075 1065 2141 inaccessorum.
1095 2090 1132 2134 ex
1154 2072 1268 2133 duabus
1298 2070 1389 2136 veluti
1411 2078 1474 2130 sta-

129 2163 257 2222 tionibus
282 2160 434 2221 intervalli·
450 2163 577 2240 cogniti3
607 2168 641 2221 ut
668 2161 694 2219 01
717 2158 775 2220 duo
797 2176 946 2221 mensores
973 2160 1061 2221 simul
1093 2176 1151 2220 uno
1174 2167 1321 2220 momento
1352 2158 1475 2219 dirersis

127 2249 198 2310 loeis
230 2249 364 2326 ejusdem
396 2248 481 2309 nubis
512 2247 736 2309 declinationem
765 2266 789 2330 γ0
820 2249 927 2308 vertice
957 2247 1168 2324 quadrantibus
1202 2254 1348 2325 caperent.
1402 2239 1473 2306 Cur'n

129 2346 227 2398 entem
250 2353 317 2395 0000
341 2337 506 2413 contingat,
530 2335 604 2395 duos
618 2336 686 2396 'uno
709 2343 838 2415 tempore
861 2336 903 2394 sio
926 2334 1099 2414 dispositos,
1129 2336 1328 2396 instrumentis
1350 2336 1476 2393 instrue·

129 2434 170 2485 tos
199 2424 284 2485 etin
307 2422 429 2485 eandem
457 2424 563 2484 nubem
595 2424 721 2484 intentos
745 2439 822 2498 esse,
854 2438 969 2483 mensor
1000 2424 1104 2482 uniens
1133 2423 1225 2483 vicem
1257 2420 1379 2481 duorum
1401 2438 1474 2497 sup-

128 2512 217 2589 plebit
242 2518 273 2571 et
295 2510 368 2571 duas
384 2510 477 2571 veluti
490 2513 633 2573 stationes
648 2509 751 2572 eodem
765 2516 896 2587 tempore
912 2509 1006 2570 obibit
1025 2508 1083 2569 hoo
1097 2510 1229 2572 artifieio.
1274 2507 1344 2570 Sole
1359 2509 1475 2568 1000000

131 2601 235 2660 nubem
259 2596 363 2676 eliget,
395 2616 471 2675 quae
494 2606 573 2660 reeta
602 2599 650 2659 rel
674 2603 775 2658 contre
797 2596 897 2659 Solem
929 2592 981 2658 rel'
1008 2597 1180 2674 in'plsgam
1201 2616 1220 2657 a
1241 2596 1312 2658 Sole
1340 2613 1474 2657 aversam

133 2694 242 2764 vergat,
266 2686 440 2763 notabitqne
462 2683 569 2761 looum‘,
592 2688 620 2745 in
636 2679 722 2763 que'm
746 2684 832 2745 nubis
853 2684 957 2744 umbra
978 2682 1080 2758 eadat,
1104 2693 1173 2744 tuno
1196 2683 1357 2761 quadrbute
1380 2683 1476 2759 oapiet

133 2767 355 2834 declinationem
377 2792 396 2834 0
418 2776 527 2834 vertice
556 2774 648 2851 primo
671 2773 767 2847 nubis,
801 2771 907 2833 001000
931 2778 961 2832 00
982 2770 1071 2831 Solis.
1115 2770 1190 2831 Nam
1213 2773 1239 2831 si
1265 2771 1339 2832 alter
1360 2778 1475 2832 mensor

134 2868 216 2922 staret
239 2863 269 2920 in
292 2860 359 2920 loeo
382 2861 511 2937 umbrae,
533 2862 627 2923 nubes
650 2859 692 2919 illi
716 2868 745 2922 et
767 2857 819 2920 Sol
842 2857 965 2920 eandem
983 2856 1060 2920 haue
1080 2856 1209 2920 habituri
1232 2867 1329 2921 essent
1350 2857 1475 2942 inoliuaf

136 2951 247 3019 tionem.
293 2948 396 3009 Cetera
417 2966 470 3026 per
492 2949 601 3009 soblem
624 2947 799 3010 altimetram
812 2946 1025 3027 expediuntur.

193 3050 227 3105 In
253 3047 394 3105 schemate
419 3050 556 3119 praesenti
582 3033 628 3103 C'E
655 3058 698 3105 000
1035 3080 1087 3131 ω,
1102 3077 1137 3121 ,g
1231 3096 1233 3102 ,

139 3127 351 3198 perpendicnlum
370 3142 404 3182 ex
422 3128 508 3197 nube,
534 3129 557 3184 B
583 3127 693 3185 umbrae

141 3204 216 3278 10000,
239 3208 265 3263 Α
290 3207 370 3262 statio
394 3207 526 3263 mensoris
551 3208 579 3262 in
604 3207 698 3265 eadem
930 3222 947 3270 c

142 3282 246 3355 planitie,
259 3277 497 3358 quidebetprimo
510 3284 625 3357 dirigere
638 3288 697 3356 pin·
751 3279 772 3325 Β
955 3300 963 3315 “

144 3363 232 3419 000010
254 3364 460 3434 0000000010,ἰο
479 3362 577 3419 lineam
595 3365 643 3421 te
672 3374 699 3421 et
720 3422 724 3430 ,

144 3448 222 3499 notare
244 3458 353 3511 000000,
382 3458 464 3512 quam
488 3443 617 3508 rescindit
638 3460 699 3515 per·
806 3486 807 3490 ,

145 3521 312 3587 1000010010ος
339 3522 463 3577 1000100
482 3522 593 3580 00001000
618 3533 701 3593 ango·-

146 3594 187 3651 100
199 3600 282 3668 ΔΟΕ;
302 3600 700 3672 deindarb‘rigendnsnntpin-
1331 3628 1335 3637 ·

148 3678 233 3734 000010
257 3681 288 3737 in
313 3679 413 3735 lineam
436 3680 500 3750 An,
527 3687 558 3735 ut
580 3681 629 3736 Sol
653 3697 703 3751 per
762 3727 888 3735 m„
1056 3735 1060 3739 .
1180 3684 1201 3722 Ἃ
1265 3709 1434 3752 ..-...„'

149 3751 259 3814 10000000
272 3758 452 3822 0000010000ος
471 3764 600 3828 eternus,
619 3774 698 3826 quem
936 3740 951 3778 Β
1044 3741 1065 3785 ¹
1212 3733 1226 3784 Ῑ
1502 3779 1508 3791 ’

150 3835 262 3908 recludet
284 3836 522 3907 perpendiculum,
547 3837 674 3893 metietur
697 3838 824 3909 angulum
844 3839 923 3894 BCE.
959 3840 1052 3896 Tertio
1077 3838 1158 3896 debet
1179 3841 1296 3911 spatium
1319 3837 1366 3893 ΑΒ
1389 3837 1476 3892 metiri
1515 3861 1519 3884 ι

151 3910 240 3973 pedibus
262 3915 304 3970 rel
327 3916 462 3985 passibus.
498 3916 576 3972 Tune
601 3924 714 3988 tangens
738 3918 830 3989 anguli
853 3919 925 3977 ΑΘΕ
949 3919 1113 3974 auferendus
1136 3929 1213 3975 esta
1235 3924 1363 3988 tangente
1386 3917 1478 3987 anguli

152 3985 202 4045 1100
216 3995 250 4060 tsi
263 3995 351 4051 nubes
365 3992 385 4047 0
398 4000 440 4049 est
453 3999 548 4049 contra
562 3993 672 4065 Solem),
692 3995 844 4052 differentia
862 3995 983 4052 dividens
994 4011 1134 4051 numerum
1152 4011 1281 4065 passuum
1298 3996 1477 4065 inventorum,

152 4068 332 4142 multiplicatum
350 4075 426 4143 prius
443 4073 471 4128 10
489 4073 578 4128 sinum
595 4074 689 4146 totum,
709 4076 800 4147 prodit
818 4076 984 4145 quotientem
1002 4074 1152 4130 altitudinis
1171 4075 1225 4131 GE.

436 4163 469 4214 Ut
487 4165 509 4215 st
527 4167 606 4216 nubes
624 4165 773 4216 declinasset
789 4164 837 4216 21⁰
852 4166 897 4218 48¹
915 4171 985 4228 tang.
1020 4167 1107 4215 40000

653 4236 697 4287 s01
715 4252 773 4286 vero
791 4235 839 4287 45⁰
873 4236 899 4285 n‘
917 4242 985 4297 tang.
1006 4238 1115 4286 100000.

220 4391 307 4442 Umbra
327 4406 387 4442 raro
409 4393 532 4443 abluisset
553 4405 570 4440 a
592 4406 704 4443 mensore
730 4404 817 4457 pastus
835 4325 1005 4445 0001318ἓο0
1021 4325 1135 4445 moin
1153 4393 1235 4442 sinum
1253 4398 1346 4441 neotum
1366 4394 1477 4452 100000,

157 4447 400 4598 gldlgtflguffiilbgddlld
427 4462 511 4513 divide
533 4476 578 4527 per
600 4465 702 4526 00000,
732 4465 817 4528 prodit
840 4466 957 4530 quotiens
983 4466 1050 4516 roeo
1073 4479 1169 4528 passus.
1213 4464 1303 4546 'Teuta
1328 4468 1393 4511 esset
1418 4461 1476 4510 alti-

232 4605 257 4661 01
274 4620 339 4663 vero
358 4587 445 4663 nubes
463 4616 536 4663 esset
554 4623 569 4664 0
586 4610 696 4681 regione
715 4610 793 4671 Solis}
812 4616 877 4665 tuno
894 4615 1038 4693 tangentes
1057 4615 1148 4665 essent
1167 4579 1292 4676 addendi.

123 4712 135 4742 ⁸
222 4696 306 4759 Eone
321 4708 469 4761 00000000
491 4702 571 4761 adsis
593 4701 747 4764 altitudo?
786 4702 852 4763 Non
876 4709 922 4763 est
945 4710 1099 4777 constans,
1123 4696 1302 4762 0000000010
1323 4714 1389 4758 oum
1411 4700 1493 4776 ipso

159 4768 229 4843 00000
249 4804 298 4865 per
317 4772 386 4848 loea
409 4794 438 4849 et
461 4794 601 4866 tempora

223 4872 285 4934 Non
308 4877 366 4934 erit
387 4894 457 4952 erpo
479 4884 619 4936 conolores
641 4878 798 4952 000000οα0
820 4876 1066 4955 refractionem?
1110 4874 1176 4934 Non
1190 4889 1270 4946 sane,
1294 4872 1345 4932 sod
1369 4871 1398 4932 id
1421 4866 1477 4933 boo

158 4961 206 5014 ltu
223 4957 389 5025 discrimine.
433 4963 468 5024 In
493 4964 565 5025 tocie
587 4965 739 5030 maritimis
755 4966 942 5038 Ι0000000000
970 4972 1005 5025 00
1026 4963 1182 5043 plurimum
1213 4968 1242 5022 et
1264 4976 1340 5039 peno
1363 4978 1477 5043 semper
