3609 5767
254 521 317 582 tis
337 558 342 570 ι
751 518 891 591 Epitomes
909 521 1100 579 ambrosiae

253 693 359 769 Solem,
383 700 415 757 st
434 696 531 776 pergit
553 714 680 760 nascere
704 700 844 761 velocitas
858 704 1055 779 provectionis
1078 702 1107 757 in
1131 696 1278 770 circulum,
1302 698 1412 775 quippe
1428 695 1528 756 adhuc
1550 694 1600 756 de·

254 790 401 843 crescente
423 786 488 860 (per
509 783 677 864 attractum)
705 788 861 852 intervallo
890 790 966 848 inter
987 787 1136 865 planetam
1159 797 1189 846 ct
1211 784 1320 846 Solam.
1363 784 1449 845 Haec
1469 785 1600 845 remissio

121 877 161 911 ’Ἀ
254 877 396 930 attractus
419 874 501 931 initio
523 881 590 949 post
606 873 629 933 (i
645 891 718 950 pene
740 874 821 949 nihii,
843 893 912 936 mox
934 878 1029 952 magis
1053 870 1142 951 atque
1165 875 1259 949 magis
1280 874 1412 947 sentitur,
1436 879 1496 948 quo
1510 873 1601 947 magia

253 959 369 1018 inimica
389 959 526 1036 planetae
548 978 616 1036 pars
643 978 709 1021 seso
738 963 986 1040 exseritsoiiquo
1014 960 1249 1039 conspiciendum
1271 960 1410 1036 praebet,
1440 958 1601 1030 verensi),

253 1044 346 1107 donec
360 1050 483 1107 semisse
505 1049 643 1108 circuitus
657 1057 775 1124 peracto
792 1052 821 1107 in
837 1051 860 1109 E
875 1068 989 1111 rursum
1011 1057 1166 1126 utmmque
1181 1048 1262 1125 globi
1285 1046 1495 1107 uansvolantis
1512 1045 1604 1105 homi·

252 1133 419 1209 sphaericus
441 1135 604 1210 aequaliter
626 1134 724 1196 Solem
746 1144 873 1214 spectet,
897 1148 967 1197 tnnc
989 1138 1066 1198 enlm
1088 1144 1185 1197 cessat
1207 1136 1300 1195 omnis
1321 1142 1464 1193 umectus
1486 1139 1517 1192 et
1537 1133 1604 1210 pla·

251 1228 321 1280 neta
350 1227 395 1281 est
422 1220 484 1282 Soli
509 1224 659 1297 proximus
690 1240 784 1301 eoque
813 1227 854 1284 et*
873 1225 1089 1299 velocissimus,
1120 1227 1229 1301 quippe
1256 1224 1306 1299 qni
1334 1230 1400 1284 cum
1432 1220 1604 1280 densissima

253 1324 348 1413 eoque
375 1314 405 1367 ot
433 1309 592 1369 rornsnma
620 1312 728 1371 virtuto
756 1320 911 1388 prensante
940 1313 1121 1373 conflictatur
1154 1326 1252 1387 exque
1276 1327 1313 1369 ea
1342 1312 1539 1370 circumeunte
1572 1325 1604 1366 se

253 1398 404 1455 minimum
428 1398 558 1455 extricat.

341 1482 446 1543 Statim
469 1491 566 1544 autem
589 1482 695 1559 globus
717 1493 935 1562 praetervectus
957 1486 1035 1545 hunc
1056 1484 1171 1544 orbitae
1193 1501 1265 1544 suae
1287 1483 1384 1543 locum
1406 1482 1601 1552 Eversusl,

254 1570 325 1646 qnia
342 1568 406 1645 jam
429 1570 540 1631 discors
561 1571 808 1649 hemisphaerium
830 1573 863 1632 ht
876 1574 940 1633 Soli
963 1574 1083 1651 propius
1106 1574 1201 1632 amico
1224 1572 1317 1630 aliero
1337 1573 1492 1646 vergiique
1508 1571 1603 1646 magis

251 1664 341 1734 atque
369 1660 464 1741 magis
493 1659 532 1717 ad
554 1658 669 1720 Solem:
700 1659 821 1738 planeta
851 1663 941 1722 otinrn
962 1661 1065 1735 incipit
1087 1678 1104 1718 a
1127 1657 1196 1719 Sola
1220 1658 1349 1731 extmdi,
1382 1657 1468 1716 velut
1488 1674 1527 1715 ex
1550 1674 1605 1715 an·

251 1745 380 1820 gustiors
403 1753 434 1805 et
455 1744 589 1807 densiore
611 1748 720 1823 speciei
734 1746 845 1808 Solaris
869 1749 940 1809 orbe
963 1750 992 1806 in
1014 1746 1205 1823 ampliorem,
1218 1748 1356 1805 rariorem
1376 1751 1406 1803 ct
1422 1744 1605 1816 debiliorem,

252 1831 329 1891 unda
358 1831 543 1892 decrementa
573 1834 661 1894 etiam
690 1842 788 1894 motus
810 1836 874 1912 ejus
895 1842 1058 1912 sequuntur
1080 1833 1169 1909 idque
1191 1835 1292 1893 ordine
1314 1834 1477 1904 corrtrario,
1511 1833 1605 1908 primo
1719 1832 1721 1834 ’

250 1919 373 1993 lentius,
401 1927 469 1997 post
492 1920 517 1979 i:
540 1937 642 1981 versus
664 1921 705 1993 ll,
734 1922 801 1982 inde
831 1923 881 1982 ubl
911 1930 1005 1983 totum
1035 1921 1146 1980 discors
1167 1920 1415 1997 hemisphaerium
1438 1936 1494 1980 seu
1517 1918 1605 1996 plaga

251 2006 389 2066 fibrarum
418 2015 498 2069 recta
529 2010 558 2066 in
582 2008 680 2070 Solem
704 2009 846 2086 dirigitur,
877 2010 967 2087 plage
990 2026 1059 2069 vero
1083 2010 1178 2067 amica
1198 2026 1217 2068 a
1238 2007 1309 2067 Sole
1331 2024 1437 2066 aversa
1459 2013 1522 2079 est,
1552 2023 1604 2065 ex·

253 2093 371 2171 pellitur
391 2093 511 2171 planeta
535 2097 716 2170 citatissime,
739 2104 836 2157 motus
859 2097 1012 2173 vero-J'am
1034 2113 1147 2155 mrsom
1162 2094 1201 2155 ad
1215 2094 1446 2155 mediocritatem
1462 2093 1603 2169 elanguit

251 2180 287 2241 Id
308 2198 421 2241 rursum
443 2182 477 2241 iit
498 2184 575 2243 circa
597 2182 625 2242 G
647 2182 839 2260 quadrantem
862 2177 1002 2246 circuitus
1024 2181 1158 2243 altemm.
1214 2180 1299 2243 Ultra
1321 2189 1462 2258 provecto
1484 2181 1606 2258 planeta

253 2285 355 2329 versus
376 2268 416 2341 H,
439 2286 554 2329 mrsom
576 2273 702 2331 remittit
724 2270 797 2332 haec
819 2272 964 2348 expulsio,
987 2271 1081 2332 donec
1102 2271 1218 2347 penitus
1240 2276 1398 2329 evanescet
1421 2270 1450 2326 in
1474 2270 1519 2341 Α,
1541 2267 1607 2344 pls-

252 2362 322 2417 neta
344 2357 373 2413 in
394 2359 548 2434 pristinum
573 2357 670 2417 locum
693 2362 827 2419 restituto
851 2367 880 2419 et
901 2378 920 2419 a
942 2358 1012 2420 Sole
1035 2359 1206 2435 longissime
1228 2355 1360 2440 expulso.

340 2443 519 2504 Incredibile
541 2461 613 2505 vero
635 2453 691 2520 est,
721 2448 896 2524 planetam,
925 2447 982 2507 boc
1002 2446 1139 2505 metae
1159 2448 1323 2520 pennoso,
1346 2440 1485 2527 abolute
1506 2442 1607 2503 reditas

251 2534 369 2590 nmini
390 2534 576 2592 scamnis
597 2533 640 2592 cd
660 2533 740 2591 idem
763 2535 971 2595 inurentium.
1017 2534 1159 2593 Nimirum
1181 2532 1229 2591 bic
1251 2531 1368 2591 tandem
1390 2532 1538 2606 genuinus
1562 2540 1608 2589 est

250 2617 333 2678 locus
356 2616 399 2676 iili
421 2620 603 2679 excusationi
623 2618 786 2681 Ptolemaei
808 2639 897 2697 supra
921 2626 959 2693 (p.
978 2630 1052 2689 337.)
1076 2620 1253 2695 descriptae,
1276 2618 1460 2678 admonentis
1485 2633 1548 2691 nos,
1572 2619 1600 2674 in

251 2704 334 2765 coslo
356 2705 430 2765 nihil
453 2722 612 2811 occurrere,
634 2707 714 2784 quod
737 2708 878 2785 impediat
898 2710 1045 2767 motiones
1067 2709 1173 2783 cuique
1196 2708 1310 2783 corpori
1332 2705 1483 2766 naturales
1506 2704 1602 2781 quod·

252 2809 310 2870 que
329 2791 387 2852 illa
416 2796 505 2870 qussi
532 2813 551 2853 a
580 2796 690 2855 semitis
713 2797 774 2855 suis
796 2797 931 2856 aberrare
952 2796 1051 2856 iaciat
1096 2795 1201 2871 Itaque
1222 2796 1248 2852 si
1270 2793 1351 2869 leges
1373 2800 1508 2853 motuum
1531 2792 1603 2851 tales

190 2900 192 2904 ·
250 2888 395 2951 enatura
416 2888 485 2940 sunt
506 2883 666 2956 institutae,
689 2889 722 2941 ut
742 2882 907 2986 planetam
925 2900 957 2942 se
972 2886 1069 2958 ipsum
1091 2881 1191 2941 redeat
1213 2882 1413 2953 exactissime,
1441 2879 1494 2939 het
1517 2882 1603 2940 uiam

250 2957 306 3028 hoc
334 2969 510 3043 certissime,
539 2986 707 3054 quanquam
738 2973 802 3031 sine
832 2968 1023 3047 compedibus
1055 2969 1182 3039 orbium,
1211 2970 1240 3025 in
1269 2968 1362 3028 libero
1389 2967 1606 3028 aethereas

250 3064 319 3115 suot
343 3057 387 3115 sic
417 3065 602 3132 comparatae
631 3055 728 3134 leges,
758 3074 832 3133 quas
861 3055 1076 3133 descripsimus.
1121 3056 1197 3115 Nam
1223 3055 1363 3132 aequales
1385 3061 1455 3113 sunt
1477 3057 1555 3113 inter
1573 3069 1605 3112 ss

164 3166 166 3172 ι
250 3144 386 3203 semisses
408 3146 560 3219 chcuitns,
583 3144 687 3205 alter
679 3161 708 3201 ιιι
731 3161 790 3220 quo
810 3145 930 3221 planeta
949 3142 1118 3215 attrahitur,
1149 3141 1277 3219 reliquos
1300 3145 1329 3202 in
1353 3158 1412 3219 qno
1435 3140 1603 3218 expellitur3
1678 3207 1689 3214 ‚

250 3230 387 3308 aequalia
402 3230 656 3309 deprehenduntur
671 3232 821 3307 utriusque
844 3233 974 3291 semissis
997 3238 1142 3307 tempora3
1167 3232 1259 3289 virtus
1275 3227 1489 3306 quoque-Solis
1503 3227 1605 3288 eadem
1625 3222 1626 3226 ’

251 3329 281 3378 et
301 3325 443 3396 perpetua
472 3327 530 3391 est,
561 3326 591 3380 et
612 3335 689 3396 quae
710 3319 831 3379 attrahit
852 3327 882 3379 et
904 3336 981 3396 quse
1004 3317 1142 3395 expellit3
1172 3316 1332 3394 eademqne
1361 3317 1427 3393 ejus
1454 3317 1606 3393 proportio

251 3405 289 3463 sd
317 3407 448 3464 inertiam
470 3406 606 3483 planetae
629 3422 745 3482 semper
766 3405 904 3479 eandem,
938 3408 967 3463 in
990 3422 1111 3482 corpore
1133 3407 1242 3484 quippe
1266 3406 1404 3481 perennia
1427 3405 1520 3479 igitur
1539 3410 1607 3461 tsn-

251 3500 312 3551 tum
335 3492 449 3569 proficit
469 3511 522 3571 per
539 3510 629 3552 unum
652 3494 803 3555 semissem
826 3493 1015 3565 attrahendo,
1038 3500 1180 3570 quantum
1202 3510 1256 3569 per
1277 3491 1399 3551 altemm
1423 3489 1606 3567 expellendo.

204 3648 206 3652 ¹
251 3578 310 3638 Gur
339 3579 428 3654 igitur
457 3580 622 3640 diffidamus
651 3580 805 3657 planetarii
826 3584 958 3657 corporis
980 3580 1019 3639 ad
1040 3580 1193 3657 pristinum
1220 3578 1406 3639 intervallum
1428 3577 1606 3637 restitutioni

250 3668 326 3725 intra
349 3683 435 3726 uuam
458 3668 577 3745 quidem
599 3667 738 3743 temporis
759 3667 938 3745 periodum?
960 3668 1064 3727 Nonne
1078 3668 1167 3726 etiam
1183 3669 1211 3725 in
1227 3666 1273 3726 his
1288 3668 1410 3727 terrenis
1425 3672 1459 3724 et
1470 3664 1607 3725 violentis

151 3812 155 3825 Ι
250 3754 378 3814 motibus
399 3755 521 3827 mobilia
541 3763 714 3834 separantur
736 3756 773 3815 ab
797 3772 842 3829 eo,
865 3754 945 3832 quod
968 3762 1064 3814 motus
1077 3769 1177 3816 causa
1198 3755 1262 3824 init,
1286 3761 1319 3813 ut
1340 3755 1370 3812 iu
1392 3754 1607 3829 scorpionibus,

250 3839 384 3916 ballistis,
408 3841 574 3920 catapultis,
597 3841 774 3915 bombardis,
797 3842 917 3902 iundisl
940 3849 970 3903 et
987 3842 1047 3902 teia
1060 3846 1192 3919 pmjeeta
1214 3842 1337 3901 liberum
1361 3847 1479 3900 tranant
1502 3845 1607 3909 acrem,

251 3945 346 4004 neque
367 3936 465 3989 tamen
488 3929 541 3990 ilia
559 3933 654 3990 minna
670 3928 847 3990 destinatum
868 3931 967 3989 locum
990 3930 1104 3999 feriunt,
1127 3937 1253 4004 suntque
1275 3928 1416 3988 miraculo
1438 3927 1607 4005 sciopstarii

250 4022 280 4075 ot
301 4013 462 4082 funditores
484 4017 591 4095 aliqui,
619 4016 826 4077 collimationis
849 4017 1019 4078 inimitabili
1038 4015 1235 4077 certitudine?
1266 4016 1300 4076 Si
1322 4015 1371 4076 hic
1391 4016 1509 4092 species
1531 4015 1608 4074 iliius

251 4110 362 4176 motus,
391 4106 440 4179 qui
459 4104 498 4164 ad
520 4113 698 4166 momentum
718 4106 802 4164 luit
794 4123 823 4163 ιιι
846 4104 1013 4192 impellente
1036 4104 1201 4164 directus
1193 4122 1222 4162 ιιι
1253 4112 1361 4164 certam
1383 4101 1523 4180 plagam,
1552 4104 1609 4161 im·

166 4266 170 4273 x
250 4206 352 4268 pressa
379 4192 409 4248 iu
443 4192 553 4252 mobile
583 4192 621 4252 ad
650 4191 739 4252 breve
768 4199 883 4270 tompus
911 4201 941 4253 et
968 4191 1110 4264 evanida,
1144 4199 1256 4251 tantum
1283 4198 1395 4268 potest,
1426 4198 1463 4249 nt
1491 4189 1608 4261 mobile,

251 4276 390 4356 quamdiu
405 4278 495 4338 sertrrr
509 4298 528 4338 a
542 4281 640 4356 specis
654 4278 783 4338 nondum
797 4283 915 4357 penitus
938 4279 1131 4356 elanguente,
1149 4280 1178 4336 in
1200 4277 1319 4355 plagam
1341 4275 1524 4337 dmtinatam
1545 4282 1609 4337 ten·

254 4366 322 4427 ders
344 4381 402 4424 non
426 4364 558 4427 desinat:
581 4373 692 4443 quanto
710 4365 886 4428 firmioribus
908 4365 1063 4445 praesidiis
1085 4367 1212 4425 munita
1221 4368 1277 4426 erit
1298 4363 1443 4428 certitudo
1467 4364 1610 4426 redituum

252 4454 441 4527 coelestium,
464 4471 540 4530 quos
560 4455 727 4529 gubernant
748 4456 879 4516 internae
902 4462 932 4515 et
954 4453 1041 4530 pians
1063 4451 1189 4514 coalitus
1212 4469 1307 4529 eoque
1327 4468 1473 4529 perennes
1496 4452 1611 4513 mobilis

142 4551 145 4560 ’
250 4542 291 4601 rei
314 4540 421 4612 fibras,
452 4558 518 4601 cum
541 4540 602 4602 illic
622 4545 674 4600 a'e‘r
695 4541 824 4617 impactu
856 4550 887 4602 et
914 4559 1036 4602 omnmo
1059 4541 1157 4601 turbet
1179 4550 1293 4611 motus,
1324 4540 1372 4599 hic
1393 4539 1525 4601 acthoeis
1545 4557 1611 4661 per·¹

251 4627 376 4691 meandi
390 4627 520 4689 densitas
543 4628 583 4687 ad
606 4628 743 4689 effectum
765 4629 813 4689 vel
837 4628 1018 4690 levissimum
1040 4627 1128 4706 plane
1149 4627 1238 4687 nulla·
1253 4628 1315 4687 sit‘l

339 4716 444 4794 Quare
471 4718 649 4778 lihruiaones
679 4715 870 4777 diuersorum
891 4718 1093 4793 planetarum
1114 4732 1181 4775 nort
1202 4723 1275 4774 runi
1296 4718 1331 4774 in
1353 4715 1459 4774 eodan
1479 4733 1613 4792 proper·

123 4848 128 4851 -
249 4805 331 4864 tione
352 4803 395 4879 od
415 4803 580 4865 distentius
600 4820 673 4865 suos
694 4804 874 4879 mediocres,
906 4805 960 4865 boc
981 4811 1025 4863 est
1044 4821 1143 4880 quare
1163 4805 1305 4863 melma
1326 4811 1368 4862 ssi
1391 4801 1545 4863 nnana
1567 4820 1612 4863 sc·

249 4891 435 4965 maimo,
465 4900 535 4967 post
556 4889 795 4961 illum-Mortis,
815 4898 885 4967 pori
906 4892 989 4951 bunc
1012 4891 1161 4961 Saturni,
1183 4890 1287 4965 Jooir,
1315 4890 1460 4956 Teiirsria.
1484 4893 1613 4951 miniaco

249 4993 322 5038 osso
341 4977 490 5039 Veneris?
516 4979 753 5042 mouumentaiis
776 4996 867 5041 caum
890 4983 937 5041 est
953 4977 1077 5047 ,diversa
1099 4977 1236 5041 librarum
1257 4977 1410 5064 tortitudo,
1432 4994 1489 5041 aaa
1510 4987 1613 5040 natam
