3609 5767
633 1750 1121 1864 1166111111111.1

800 2004 950 2014 ——·--.-

280 2118 411 2253 Kepleri
434 2174 532 2235 studia
554 2175 761 2250 astronomica,
785 2193 862 2236 anno
889 2167 980 2241 1696.
1013 2180 1137 2255 primum
1167 2179 1286 2253 incepta
1317 2182 1346 2235 et
1376 2176 1550 2235 astronomis

186 2262 321 2340 publicis
343 2264 435 2323 literis
459 2262 584 2340 tradita,
616 2280 668 2339 per
694 2280 787 2323 annos
816 2274 972 2345 sequentes
995 2269 1035 2323 22
1059 2283 1117 2325 uon
1142 2267 1305 2325 intermissa
1327 2265 1401 2324 serie
1424 2265 1550 2324 invicem

187 2369 223 2411 se
253 2351 412 2411 subsecuta
441 2358 519 2413 suut.
564 2348 650 2425 Quod
673 2350 818 2428 Keplerus
849 2355 878 2410 in
909 2354 1050 2431 Mysterio
1074 2351 1321 2431 cosmographioo
1344 2354 1487 2423 tentavit,
1517 2360 1550 2410 ut

187 2446 290 2497 motus
312 2440 496 2515 planetarum
520 2453 680 2514 eorumque
702 2438 855 2499 distantias
879 2441 982 2501 aSole
1005 2441 1043 2500 ad
1066 2458 1196 2501 normam
1212 2442 1413 2517 principiaque
1428 2456 1549 2516 geome-

187 2529 264 2586 triae
282 2527 472 2603 conjungeret
489 2533 519 2586 et
532 2527 575 2584 sic
587 2526 777 2586 fundamenta
797 2528 908 2603 jaceret
928 2535 1106 2590 restauratae
1130 2529 1341 2596 astronomiae,
1372 2544 1550 2604 quamquam

187 2631 250 2674 non
282 2614 369 2691 plane
402 2613 441 2673 ad
470 2621 572 2692 potum
594 2617 750 2689 successit,
784 2631 836 2691 per
867 2624 958 2675 totam
991 2625 1089 2675 tamen
1123 2619 1213 2676 111111
1237 2617 1320 2692 qussi
1343 2617 1461 2674 unicum
1484 2622 1549 2673 stu-

190 2702 308 2760 diorum
330 2718 450 2762 suornm
472 2701 559 2764 tinem
581 2701 685 2760 babuit
706 2706 896 2779 propositum.
945 2705 1109 2764 Extremam
1132 2721 1249 2765 manum
1273 2704 1414 2779 imposuit
1435 2703 1480 2761 bis
1496 2720 1549 2762 oo·

85 2807 89 2809 ⁷
187 2791 310 2850 natibus
333 2788 461 2849 condens
486 2788 696 2866 „Harmoniam
708 2789 840 2865 Mundi,“
866 2809 955 2868 quam
978 2809 1054 2851 anno
1073 2795 1165 2851 1619.
1182 2792 1259 2869 typis
1275 2790 1435 2849 mandavit.
1469 2791 1557 2885 Dumx

190 2895 240 2937 res
262 2877 302 2935 ad
324 2881 492 2937 uniuersam
515 2880 722 2936 astronomiam
745 2885 911 2956 spectantes
934 2888 1030 2939 mente
1054 2880 1194 2954 agitabat,
1219 2879 1334 2954 singula
1356 2886 1440 2937 erant
1454 2879 1550 2954 respi-

191 2963 309 3038 cienda,
333 2964 510 3025 observandi
532 2965 659 3025 siderum
681 2972 795 3039 motus,
820 2965 1045 3043 eclipses-Solis
1068 2967 1227 3041 Luctusque
1255 2983 1314 3025 non
1344 2964 1549 3041 negligendae,
1608 2983 1610 2991 ·

190 3055 293 3130 optica
315 3053 471 3130 disciplina
494 3056 523 3111 in
545 3052 651 3112 melius
674 3055 822 3128 vertenda,
847 3063 879 3113 ut
900 3057 975 3114 ratio
988 3054 1079 3114 reddi
1101 3061 1201 3131 posset
1217 3053 1396 3113 retractionis
1412 3061 1548 3111 astrono-

189 3143 301 3215 micae,
332 3141 450 3216 aliaque
482 3138 592 3215 multa,
625 3158 700 3217 qnae
730 3142 767 3200 ud
797 3142 967 3201 mandatum
998 3160 1103 3202 munus
1132 3143 1290 3201 astronomi
1315 3139 1374 3221 (rel
1397 3136 1549 3219 astrologi)

188 3228 327 3288 Caesaris
360 3229 562 3306 pertinebant,
595 3226 744 3304 agitanda.
788 3229 951 3289 Plurimum
984 3229 1164 3289 lacesserunt
1194 3231 1303 3306 negotii
1327 3236 1424 3287 motus
1446 3227 1548 3287 Lunae

191 3316 375 3392 inaequales,
399 3329 428 3377 et
451 3319 607 3375 immanem
630 3316 771 3393 impendit
793 3334 912 3393 operam
922 3317 1077 3393 Keplerus‚
1102 3324 1135 3376 ut
1156 3316 1265 3376 Tenue
1288 3318 1401 3375 comitis
1424 3316 1549 3374 orbitarn

193 3402 312 3481 legibus
344 3423 362 3463 1
390 3422 421 3464 66
450 3405 578 3463 inventis
606 3404 769 3480 adaptaret.
815 3403 902 3479 Quod
930 3421 1019 3481 quum
1047 3406 1223 3465 successisse
1245 3403 1383 3480 illiusque
1406 3402 1548 3474 theoriam

190 3499 354 3551 ceterorum
375 3491 559 3568 planetarum
581 3491 702 3552 theoriis
724 3492 975 3552 accommodatum
998 3500 1146 3569 putasset,
1169 3510 1214 3564 ea,
1238 3510 1313 3568 qnae
1337 3491 1548 3567 evigilavimus,
1632 3497 1644 3510 ‘

190 3579 267 3639 libro
291 3580 451 3656 complecti
474 3582 605 3650 statuit,
627 3596 714 3656 quem
744 3579 907 3640 Ptolomaei
937 3580 1109 3656 Almagesto
1138 3596 1309 3657 comparans
1333 3579 1548 3655 Hipparchum

192 3669 351 3743 inscripsit.
396 3667 483 3726 Hunc
505 3667 611 3725 librum
634 3685 703 3727 vero
726 3683 784 3726 non
808 3668 977 3727 absolutum
999 3668 1124 3744 reliquit,
1148 3670 1253 3727 iterum
1275 3670 1437 3742 iterumque
1450 3684 1470 3725 a
1483 3666 1547 3724 Lu·

191 3772 250 3813 nae
273 3753 476 3831 inaequalibus
499 3755 635 3829 motibus,
660 3772 719 3832 quo
741 3758 837 3814 miuus
859 3755 1095 3833 progrederetur,
1119 3755 1294 3832 impeditus;
1319 3772 1394 3831 quae
1417 3755 1548 3813 continet

191 3840 265 3900 illud
288 3860 363 3918 opus
385 3845 416 3901 in
438 3841 568 3902 ordinem
590 3842 708 3902 redacta
732 3843 954 3920 inordinateque
977 3861 1013 3903 ea
1027 3861 1062 3903 ex
1078 3845 1281 3918 manuscriptis
1295 3843 1545 3901 Pullrovieusibus

193 3929 328 3989 desumta
350 3930 500 3998 retulimus
522 3932 553 3988 in
575 3931 713 3991 uolumen
737 3932 853 3990 tertium
874 3940 992 3991 nostrae
1019 3931 1165 3991 editionis.
1211 3930 1354 4007 chlerus
1378 3947 1467 4005 quum
1493 3928 1547 3988 de·

193 4024 323 4092 sperarat
344 4035 404 4077 rem
427 4018 464 4078 ad
490 4017 598 4078 calcem
619 4018 737 4095 perduci
759 4036 868 4095 posse,
896 4025 1009 4079 mutato
1034 4017 1156 4077 coneilio
1179 4026 1290 4094 partem
1323 4034 1439 4087 eornm,
1469 4034 1547 4093 quae

193 4103 380 4181 Hipparchus
396 4106 573 4181 continebat,
596 4107 634 4166 ad
660 4106 808 4181 ,Tabulas
823 4106 1047 4184 Rudolphinas“
1073 4105 1278 4166 reservandam
1300 4108 1412 4179 statuit,
1435 4114 1548 4183 purtem

194 4192 243 4250 alii
266 4193 342 4252 libro
364 4194 562 4269 inserendam,
588 4210 646 4270 quo
669 4194 804 4270 populari
827 4211 958 4255 sermone
981 4197 1147 4253 nniversam
1170 4194 1376 4253 astronomiam
1400 4191 1548 4268 complec-

196 4287 315 4342 teretur.
359 4281 453 4359 'lypis
483 4280 701 4357 exprimendum
733 4284 847 4341 curavit
875 4283 953 4341 hunc
979 4282 1099 4357 librum,
1128 4299 1214 4357 quem
1238 4284 1385 4358 inscripsit
1408 4280 1549 4356 Epitpmr

195 4371 407 4428 Astronomiac
433 4368 675 4444 Copcraicunae,
707 4372 791 4427 annis
818 4371 913 4444 1618,
946 4371 1029 4429 1610
1060 4378 1089 4429 61
1106 4372 1208 4454 11611.
1253 4370 1333 4429 Libri
1356 4377 1414 4429 tres
1436 4367 1547 4442 priores

194 4456 331 4516 exhibent
363 4456 553 4533 „Doctrinam
575 4458 786 4533 6611611616,ιι
811 4456 878 4516 libri
902 4465 1027 4534 quatuor
1048 4460 1223 4533 posteriores
1248 4458 1438 4532 ,Doctrinam
1460 4452 1547 4509 theos

194 4545 313 4602 1161111.ιι
358 4543 508 4605 Maestlini
530 4553 649 4605 secutus
673 4545 837 4621 exemplum
860 4546 1032 4622 conscripsit
1053 4545 1110 4604 hoc
1133 4561 1206 4621 opus
1230 4544 1322 4605 torma
1345 4540 1549 4620 quaestionum

193 4639 223 4689 61
243 4635 481 4708 responsionum,
507 4650 583 4710 quaa
605 4633 698 4692 torma
720 4640 750 4692 et
772 4631 890 4691 inaliis
912 4633 1008 4706 libris,
1032 4634 1138 4708 quibus
1162 4641 1238 4693 artes
1261 4634 1337 4693 11116
1360 4624 1470 4688 sciendi
1493 4621 1566 4685 cu·'
1593 4652 1600 4657 ·

192 4719 271 4795 pidia
300 4718 505 4795 tradebantur,
539 4730 601 4781 tum
634 4723 771 4798 temporis
795 4723 904 4779 usitata
927 4729 1006 4792 erat,
1045 4738 1139 4797 eoque
1162 4720 1298 4796 collegit,
1334 4715 1494 4794 quaeipse
1516 4716 1547 4773 in

193 4808 397 4868 astronomicis
418 4811 570 4869 invenerat
593 4821 726 4885 quaeque
750 4808 800 4868 alii
829 4825 894 4867 oum
921 4811 1031 4885 priores
1048 4817 1109 4867 turn
1132 4808 1270 4884 aequales
1294 4808 1323 4862 in
1344 4802 1546 4878 promovenda

193 4898 372 4956 asnonomia
394 4899 607 4973 praestiterant.
652 4897 778 4956 Innixus
796 4896 949 4974 Copemici
978 4896 1015 4956 de
1037 4894 1145 4955 mundo
1168 4892 1325 4971 hypothesi
1348 4898 1378 4965 et
1399 4890 1548 4969 'lychoms
1615 4933 1621 4953 s

194 4983 450 5047 observationibus
476 4987 532 5047 rita
558 4984 612 5045 illa
635 4984 786 5062 conjunxit
806 4986 854 5062 iis,
877 5001 955 5061 quaa
976 4987 1006 5043 iu
1029 4982 1144 5060 Optica,
1167 4982 1197 5039 tn
1217 4977 1468 5128 libroldsltiartis
1484 4996 1549 5041 mo-
