3609 5767
314 531 331 588 i
336 528 377 589 60
785 517 973 578 consideratio
991 517 1210 576 observationum

314 700 433 780 quidem
464 700 547 761 nulla
577 700 817 762 observationum
847 698 989 776 religione
1019 698 1143 759 vetabat
1164 693 1247 779 (quin
1275 698 1375 774 potius
1407 698 1446 758 ab
1469 697 1642 759 observatione

312 789 499 866 Dionysiana
520 790 550 846 in
568 792 617 849 15.
633 788 704 849 Jau.
726 787 822 850 relata
843 783 1002 866 invitabar)
1025 805 1044 846 a
1062 781 1118 847 15ο
1139 784 1167 858 ὅ
1198 784 1351 859 deducere,
1375 793 1517 862 tauquam
1531 794 1642 863 apuueto

314 874 507 936 cardinalium
533 875 631 935 medio
662 891 757 954 eoque
788 874 953 934 verisimili:
991 882 1022 933 at
1043 874 1137 932 motui
1168 871 1265 950 medio
1293 889 1414 932 manum
1442 872 1601 946 admouere,
1621 880 1644 930 ut

314 963 427 1042 epocha
449 962 514 1038 ejus
550 962 588 1021 ad
612 957 647 1021 0⁰
672 962 708 1036 Υ
740 961 900 1035 locaretur,
936 978 995 1020 nou
1024 977 1088 1019 sum
1123 976 1232 1034 ausos,
1263 959 1315 1019 sed
1346 976 1443 1036 neque
1477 976 1544 1020 vero
1567 961 1643 1032 motui,

314 1052 365 1127 qul
395 1051 514 1129 propior
543 1056 606 1108 erat
635 1056 743 1127 puncto
775 1048 926 1109 cardinali.
971 1047 1046 1107 Nam
1075 1047 1099 1105 si
1136 1045 1210 1104 duos
1240 1046 1425 1106 abundantes
1456 1048 1561 1123 gradum
1585 1047 1643 1104 initio

313 1153 411 1197 rerum
434 1135 595 1209 detraham,
620 1136 790 1197 detrahetur
812 1143 942 1213 tempore
966 1133 1130 1194 Ptolemaei
1153 1135 1267 1193 circiter
1289 1132 1437 1207 dimidius,
1462 1142 1549 1211 atque
1567 1131 1644 1194 adin

314 1225 500 1302 oppositione
532 1241 597 1282 oum
628 1223 697 1283 Sole
724 1223 787 1299 jam
818 1221 896 1281 ultra
922 1220 1046 1297 gratim
1076 1227 1249 1281 excurreret.
1294 1220 1424 1280 Tauium
1453 1238 1524 1281 vero
1550 1237 1645 1280 errorem

314 1312 536 1371 observationes
559 1309 723 1370 Ptolemaei
745 1309 831 1369 iacile
854 1308 1044 1384 redarguunt.
1091 1307 1128 1366 Et
1144 1315 1241 1368 tamen
1265 1325 1332 1367 oum
1347 1307 1489 1381 viderem,
1513 1307 1645 1368 desiderare

315 1406 345 1458 et
366 1397 580 1475 Dionysiauam
606 1398 843 1456 observationem
867 1395 940 1472 (diei
964 1412 1036 1455 suae
1059 1393 1219 1474 relictam),
1244 1402 1276 1454 ut
1299 1394 1452 1454 attollatur
1475 1395 1584 1472 epocha
1601 1410 1646 1452 rer·

314 1502 366 1545 sus
389 1486 502 1542 initium
527 1480 585 1564 Θ,
609 1500 669 1541 nou
693 1483 810 1560 neglexi
833 1485 923 1543 etiam
947 1498 998 1559 per
1013 1480 1095 1541 illam
1111 1498 1274 1560 propagare
1297 1490 1395 1541 motus
1419 1481 1458 1540 ad
1473 1484 1645 1551 initiareruu,

312 1573 418 1650 spretis
448 1569 649 1630 Ptolemaiois.
697 1568 825 1630 Reteuto
854 1571 944 1646 igitur
974 1569 1083 1646 aphelii
1115 1577 1212 1642 motu,
1251 1577 1284 1628 ut
1311 1568 1396 1644 eujus
1427 1571 1551 1629 mutatio
1576 1571 1647 1627 minus

314 1659 421 1731 turbat,
445 1664 475 1716 et
496 1657 646 1735 applicata
669 1657 876 1715 observatione
892 1657 1086 1733 Dionysiana,
1110 1655 1223 1732 epocha
1241 1655 1361 1714 initialis
1376 1663 1476 1715 motus
1492 1654 1576 1716 medii
1589 1654 1648 1714 llar-

313 1748 352 1805 tis
382 1747 411 1801 iu
436 1742 471 1804 3⁰
495 1743 546 1803 45‘
569 1739 609 1823 ὓ
635 1744 724 1805 veuit.
769 1742 804 1802 Id
830 1760 899 1803 vero
931 1743 981 1802 ubi
1005 1743 1072 1802 Chr.
1099 1741 1231 1803 Severini
1257 1743 1535 1819 Longomoutanus,
1568 1744 1606 1800 vir
1628 1743 1648 1797 iu

314 1832 372 1891 hao
393 1837 455 1890 arte
478 1829 666 1903 clarissimus,
689 1831 850 1903 resciverit,
873 1847 933 1889 nou
958 1829 1095 1906 equidem
1118 1832 1226 1906 poterit
1248 1846 1305 1888 uon
1329 1847 1516 1906 summopere
1537 1829 1649 1906 gaudere.

314 1919 346 1978 Is
369 1920 447 1977 euim
469 1924 499 1976 et
521 1918 593 1993 ipss,
617 1915 758 1993 neglectis
782 1918 1037 1977 obseruationibus
1051 1915 1224 1990 Ptolemaei,
1247 1925 1389 1993 tanquam
1410 1916 1570 1976 astrolabio
1583 1913 1649 1973 utto

315 2006 451 2084 peractis,
474 2003 603 2081 epochas
623 2021 693 2063 suas
715 2001 753 2062 ad
776 2002 853 2064 hane
867 2004 1081 2081 Dionysiauam
1097 2005 1332 2064 observationem
1354 2003 1509 2083 (tanquam
1529 2001 1650 2079 tideipiur

314 2094 458 2164 meritam,
481 2092 519 2150 ob
543 2090 692 2150 ocularem
708 2098 858 2169 aspectum
874 2092 1088 2168 conjunctionis
1108 2107 1174 2150 curu
1189 2087 1259 2170 lixa)
1280 2090 1526 2162 accommodavit,
1548 2093 1651 2165 ignarus,

315 2195 358 2251 ss,
381 2176 461 2253 quod
483 2179 512 2234 iu
536 2175 614 2236 Solis
637 2194 771 2254 apogaeo
793 2195 901 2255 magna
925 2177 1121 2255 gratulatione
1144 2177 1349 2254 deprehendit,
1373 2194 1538 2255 apogaeum
1561 2177 1652 2253 ejusiu

316 2259 352 2326 θ’
377 2265 413 2338 Υ
439 2263 582 2333 incidere,
613 2265 690 2325 idem
713 2268 956 2343 quamproxime
979 2273 1008 2324 et
1030 2266 1059 2322 in
1083 2270 1164 2324 motu
1186 2250 1283 2325 medio
1306 2264 1412 2324 hiantis
1436 2261 1652 2341 praestitissent

315 2351 405 2411 modo
428 2350 505 2411 diem
529 2353 701 2425 creationis,
726 2369 814 2428 quam
837 2370 893 2429 ego
917 2369 1062 2430 propono,
1087 2354 1196 2429 quippe
1218 2352 1256 2412 ab
1280 2352 1400 2429 epochis
1423 2351 1504 2412 Solis
1525 2350 1653 2412 athanas

317 2441 481 2516 signatam,
504 2442 660 2499 attentiore
682 2441 789 2499 meutis
812 2438 897 2499 oculo
920 2438 1097 2498 lustraverit.

406 2525 470 2601 Ego
494 2540 581 2600 vero,
605 2528 660 2586 etsi
682 2525 759 2585 hano
781 2527 1018 2586 observationem
1041 2526 1254 2603 Dionysianam
1282 2527 1394 2586 amois
1417 2525 1563 2586 habebam
1584 2524 1656 2601 parti·

318 2613 385 2687 hus,
421 2628 516 2689 eaque
538 2628 597 2672 nou
620 2611 778 2673 admodum
801 2617 902 2691 iniqua
925 2614 1039 2691 epocha
1060 2621 1157 2672 motus
1179 2612 1283 2672 Martis
1302 2612 1394 2672 medii
1420 2612 1567 2673 cardinem
1588 2613 1657 2688 ipsis·

318 2702 423 2759 simum
448 2695 539 2780 0⁰ss
564 2702 681 2778 penitus
704 2704 822 2776 assequi
845 2710 962 2779 posset,
985 2707 1157 2760 nontamen
1180 2707 1292 2759 tautam
1315 2699 1386 2758 mihi
1405 2703 1499 2759 sutusi
1522 2700 1658 2769 licentiam,

319 2794 475 2866 propterca
497 2787 577 2862 quod
600 2789 721 2861 scirem,
747 2795 783 2847 11
810 2787 949 2864 gradibus
978 2789 1008 2844 iu
1031 2804 1125 2846 rerum
1148 2788 1231 2846 initio
1260 2783 1301 2868 (et
1324 2788 1366 2847 sie
1390 2788 1426 2847 3⁰
1449 2790 1527 2847 circa
1549 2786 1659 2846 seculum

319 2871 494 2954 Ptolemaei)
517 2873 637 2946 demtis,
669 2883 858 2934 concurrente
891 2881 921 2934 et
950 2873 1059 2951 aphelii
1082 2873 1246 2946 laxatione,
1280 2877 1419 2952 possein
1445 2874 1661 2951 oppositiouihus

318 2978 386 3022 eum
409 2960 494 3035 Solo,
525 2977 601 3037 quae
623 2960 795 3021 Ptolemaeo
818 2961 936 3022 luerunt
958 2962 1147 3035 observatae,
1180 2960 1372 3020 differentiam
1395 2963 1524 3021 existere
1549 2968 1587 3020 10
1608 2977 1662 3037 gra·

320 3047 420 3120 duum,
444 3065 534 3124 quam
556 3047 662 3107 calculi
678 3050 921 3108 exorbitatiouem
938 3050 1158 3108 observationes
1173 3047 1336 3108 Ptolemaei
1351 3047 1440 3108 facile
1455 3049 1663 3124 redarguebant

408 3135 528 3195 iuterim
552 3150 622 3195 vero
645 3143 675 3194 et
697 3135 754 3195 hoo
775 3138 926 3211 annotavi,
948 3138 974 3195 si
996 3134 1034 3195 ad
1050 3137 1134 3194 initia
1154 3151 1249 3194 rerum
1264 3135 1439 3196 collocarem
1463 3135 1562 3195 locum
1577 3136 1665 3194 llarb's

320 3224 513 3283 eocentricum
537 3239 637 3283 verum
660 3222 731 3300 (nou
747 3220 888 3290 medium)
913 3224 942 3280 in
959 3216 994 3281 0⁰
1010 3218 1060 3304 ὓ,
1085 3230 1154 3282 tunc
1177 3221 1321 3282 calculum
1343 3225 1527 3282 incessurum
1550 3222 1664 3283 medium

319 3313 396 3369 inter
428 3312 651 3370 ohservationes
676 3309 841 3370 Ptolemaei
870 3310 909 3370 ab
936 3310 992 3368 hae
1025 3318 1054 3368 et
1084 3309 1221 3387 Dionysii
1251 3311 1288 3369 ab
1319 3309 1371 3368 illa
1399 3318 1494 3388 parte.
1542 3309 1585 3370 lle
1612 3310 1667 3366 huic

321 3397 441 3474 quidem
464 3397 653 3456 concinnitati
676 3396 846 3472 quidquam,
870 3394 951 3472 quod
967 3392 1099 3473 vergeret
1113 3398 1142 3453 iu
1157 3397 1367 3474 praejudicium
1381 3395 1558 3469 Ptolemaei,
1583 3396 1668 3456 sensui

318 3482 530 3559 indulgendum
553 3500 627 3543 esse.
672 3483 801 3543 Primum
825 3485 920 3556 euim,
944 3485 969 3541 si
992 3500 1093 3542 verum
1116 3491 1227 3542 motum
1260 3492 1283 3553 ὅ
1315 3486 1531 3561 potiusquam
1553 3483 1668 3543 medium

316 3572 499 3646 respicerem,
519 3570 581 3646 jam
604 3570 708 3631 eadem
730 3572 801 3630 milri
817 3572 865 3630 lex
882 3580 961 3630 esset
976 3569 1159 3630 observanda
1182 3574 1210 3628 iu
1228 3570 1305 3645 Sole,
1331 3570 1424 3644 Luna,
1451 3571 1577 3643 Venere,
1600 3570 1668 3629 ller-

317 3658 408 3717 eurio.
454 3657 495 3715 At
517 3659 546 3715 iu
568 3656 638 3717 Sole
660 3656 800 3735 depulsus
822 3657 864 3717 lui
888 3677 907 3716 a
929 3674 997 3717 vero
1022 3665 1102 3717 motu
1126 3665 1155 3717 et
1178 3658 1345 3734 compulsus
1369 3657 1407 3717 ad
1432 3658 1565 3718 medium
1587 3660 1667 3717 ratio·

315 3744 403 3802 nibus
426 3742 539 3802 idoneis
562 3751 592 3804 et
613 3751 693 3804 metu
709 3746 948 3804 observationum
966 3745 1184 3804 obtestantium.
1223 3746 1260 3804 Et
1274 3747 1410 3821 quamvis
1427 3747 1457 3804 in
1476 3746 1565 3806 huna
1581 3762 1668 3804 verum

317 3837 431 3889 motum
455 3829 605 3907 elegerim,
635 3839 667 3891 at
689 3832 775 3890 Luna
795 3830 986 3891 secundarius
1010 3840 1054 3890 est
1076 3831 1209 3908 planeta,
1242 3832 1409 3907 laetumque
1434 3831 1535 3892 idest
1565 3841 1670 3910 propter

318 3915 509 3988 remelium,
533 3934 610 3993 quae
634 3919 662 3975 iu
685 3919 802 3996 punctis
826 3920 929 3978 ceteris
952 3919 1078 3995 spectari
1102 3935 1159 3977 uon
1183 3926 1295 3994 potest,
1325 3926 1398 3995 puta
1433 3929 1557 3996 propter
1579 3920 1671 3998 phasin

316 4020 370 4063 seu
392 4004 576 4063 uoviluuium
600 4012 751 4080 exactum3
775 4022 830 4065 nec
852 4012 916 4064 erat
938 4005 1048 4064 arbitrii
1072 4009 1129 4064 mei
1153 4006 1227 4065 haec
1249 4005 1368 4080 electio,
1401 4008 1475 4081 quiu
1498 4012 1671 4067 ertoraemut

317 4090 391 4148 mihi
413 4092 442 4147 iu
465 4090 535 4150 Sole
558 4090 700 4164 medium,
734 4094 762 4149 in
788 4091 872 4150 Luna
895 4109 996 4151 verum
1020 4091 1115 4150 locum
1140 4095 1375 4152 circumstantiae
1408 4101 1471 4151 taur
1494 4095 1670 4154 ohservatio-

316 4193 402 4250 num,
438 4194 526 4252 quarn
550 4179 625 4235 initii
657 4179 800 4237 naturalis
824 4179 936 4238 dierum
963 4185 991 4238 et
1020 4179 1161 4238 divinitus
1184 4178 1305 4239 revelati
1335 4181 1579 4256 septimanarum.
1622 4177 1670 4238 Sed

316 4269 389 4336 esto,
418 4263 536 4341 placeat
558 4265 646 4324 alicui
678 4283 765 4325 verus
788 4265 892 4324 Martis
924 4265 1019 4338 locus,
1050 4283 1136 4342 quem
1167 4267 1222 4324 sub
1245 4268 1329 4324 initia
1352 4283 1449 4326 rerum
1478 4270 1508 4325 iu
1541 4277 1669 4346 puuctum

316 4349 466 4409 cardinale
489 4351 609 4424 relerat,
641 4351 712 4410 mihi
736 4368 831 4427 neque
855 4369 941 4413 verus
963 4369 1059 4428 neque
1082 4352 1196 4411 medios
1218 4356 1291 4412 tauti
1316 4362 1394 4424 erat,
1420 4363 1455 4412 ut
1477 4356 1544 4431 ejus
1568 4352 1670 4415 iocundi

315 4437 411 4510 gratia
433 4435 630 4497 Ptolemaioas
655 4440 876 4498 observationes
901 4439 1054 4499 violandas
1086 4439 1355 4516 indulgendamque
1380 4441 1588 4519 Dionysianae
1610 4459 1669 4500 eeu·

314 4538 423 4595 serem,
453 4523 533 4598 quod
562 4525 630 4584 lecit
654 4525 917 4602 lrongimoutauns.
963 4526 1078 4585 Etenim
1107 4529 1241 4586 instituta
1268 4531 1490 4602 comparatione
1516 4528 1670 4589 verisimili·

316 4607 451 4666 tudinum
478 4626 531 4684 pro
560 4620 684 4687 utroque
709 4615 897 4673 observatore
920 4615 1129 4689 pugnantium,
1161 4614 1322 4691 Dionysius
1349 4617 1574 4693 (praeterquam
1602 4612 1669 4692 quod

315 4693 374 4754 lira
389 4694 600 4771 adjuvabatur)
617 4701 752 4760 omnihus
767 4699 887 4777 reliquis
902 4702 1065 4760 rationibus
1081 4703 1177 4760 victus
1196 4710 1249 4760 eat
1289 4702 1456 4779 Dionysius
1472 4707 1552 4763 euim
1566 4706 1670 4763 unicam

316 4782 554 4842 observationem
569 4785 746 4861 suppeditat,
770 4788 959 4857 Ptolemaeus
975 4797 1117 4864 quatuor,
1141 4787 1191 4847 ille
1206 4792 1261 4847 tiro
1275 4789 1339 4860 luit,
1363 4792 1420 4850 iste
1435 4792 1550 4869 peritus
1564 4791 1669 4859 artile13

318 4867 369 4927 iiie
393 4870 469 4928 inter
492 4873 630 4947 antiquos
653 4880 706 4946 est,
735 4877 933 4935 astronomiae
962 4878 1058 4933 minus
1081 4891 1204 4950 guaros,
1237 4878 1291 4934 iste
1315 4875 1394 4935 sirit
1423 4877 1542 4938 erudito
1565 4876 1668 4947 secul03

314 4951 365 5013 ille
387 4956 462 5015 iuter
485 4959 592 5039 primos
615 4960 781 5021 inventores
805 4971 947 5038 censetur,
971 4963 1019 5022 hie
1041 4965 1197 5040 magistros
1213 4961 1335 5039 habuit,
1361 4964 1412 5024 ille
1436 4965 1571 5044 loquitur
1581 4981 1667 5043 popu·
