3609 5767
656 530 738 589 Liber
754 532 868 589 Primus
903 534 972 591 Pars
990 535 1089 592 Tertia.
1266 615 1269 620 Ι
1487 545 1547 605 lta

197 728 374 789 compressa,
407 713 530 772 tormam
545 712 595 772 ovi
624 710 840 790 quodammodo
862 713 988 774 imitans.
1033 713 1099 774 Hoc
1128 716 1217 792 igitur
1250 724 1387 776 causatur
1408 715 1546 777 retractio

85 842 86 856 ,
196 801 350 860 radiorum.
396 800 472 859 Nam
496 799 583 859 docet
605 801 712 877 optica,
737 799 925 860 retractiones
948 804 977 858 in
999 819 1108 879 magna
1122 801 1198 862 Solis
1221 801 1375 863 altitudine
1399 821 1456 863 non
1481 821 1545 864 esse

159 941 161 945 Α
196 888 360 962 sensibiles,
383 886 435 947 sed
459 896 521 946 tum
544 886 660 950 demum
683 885 838 947 sensibiles
861 888 1000 961 evadere,
1025 905 1089 949 cum
1112 888 1162 949 Sol
1185 888 1328 948 horizonti
1352 893 1468 950 vicinus
1490 899 1544 950 est.

80 990 83 999 “
196 976 300 1052 ltaque
323 991 383 1051 quo
407 973 614 1034 humiliusest
637 974 775 1051 quodque
799 982 947 1051 punctum,
972 975 1029 1035 hoc
1051 978 1144 1052 magis
1164 976 1331 1052 retringitur
1355 980 1421 1054 ejus
1436 978 1545 1052 radius,

193 1062 245 1122 hoc
274 1064 366 1123 etiam
395 1061 539 1122 elevatius
569 1062 651 1138 justo
681 1061 755 1120 illud
784 1071 914 1138 apparet.
962 1062 1035 1121 Cum
1065 1066 1153 1140 igitur
1185 1066 1316 1140 superior
1338 1064 1416 1125 Solis
1446 1082 1546 1140 margo

80 1178 82 1196 ·
196 1168 298 1227 parum
322 1150 466 1212 elevatior
485 1150 567 1226 justo
591 1158 741 1229 appareat,
765 1151 842 1227 imus
865 1149 989 1209 multum
1012 1150 1154 1210 elevatior
1173 1151 1263 1226 justo,
1288 1152 1363 1210 imus
1385 1154 1473 1227 igitur
1495 1170 1546 1232 per

80 1276 83 1288 s
193 1238 396 1297 retractionem
418 1239 654 1315 appropinquare
677 1239 827 1314 superiori
842 1236 1003 1313 videbitur,
1038 1239 1138 1314 itaque
1162 1238 1301 1297 distantia
1324 1242 1480 1315 superioris
1504 1239 1542 1299 ab

194 1326 339 1398 interiori,
376 1325 431 1384 hoc
455 1333 498 1385 cst
529 1324 669 1386 diameter
699 1322 796 1385 erecta
819 1323 934 1384 videtur
963 1333 1125 1400 contracta,
1152 1333 1321 1385 transversa
1351 1344 1407 1386 non
1435 1326 1544 1401 itidem,

193 1414 261 1489 qnia
285 1421 470 1474 transversae
493 1419 623 1473 extrema
646 1411 797 1472 elevantur
819 1411 990 1489 aequaliter.

279 1503 316 1576 5)
339 1499 442 1578 Tycha
470 1498 567 1559 Braha
595 1498 714 1566 modum
746 1501 876 1576 aperuit,
909 1499 1095 1559 retractiones
1129 1498 1304 1559 observandi
1333 1500 1479 1575 quotidie,
1514 1501 1543 1557 iu

191 1586 283 1647 stellis
318 1590 474 1664 praecipue
497 1587 570 1646 fixis.
616 1586 707 1647 Verbi
730 1604 834 1654 causa,
868 1586 962 1646 canda
983 1586 1091 1647 Leonis
1115 1594 1143 1645 et
1166 1587 1254 1664 Spica
1276 1585 1407 1662 Virginis
1430 1604 1544 1664 semper

192 1673 303 1733 distant
326 1677 401 1733 inter
423 1693 454 1735 se
478 1692 546 1734 arcu
570 1674 672 1734 eodem
696 1674 794 1734 circuli
818 1675 926 1750 magni,
950 1676 1000 1750 qui
1024 1681 1067 1733 est
1092 1672 1209 1734 35021.
1255 1674 1321 1732 Hoc
1346 1675 1544 1733 instrumentis

191 1760 457 1841 deprehendimus,
479 1764 595 1838 quoties
619 1761 792 1835 culminum,
816 1763 933 1837 quoties
956 1769 984 1821 et
1007 1761 1156 1833 occidunt,
1182 1762 1332 1838 quietare
1356 1759 1441 1818 simol
1466 1763 1545 1820 occi·
1577 1753 1583 1760 ’

190 1848 271 1907 (lunt
320 1850 360 1908 nt
383 1868 448 1908 cunr
473 1852 501 1908 in
518 1848 651 1909 orientali
674 1858 756 1926 parte
772 1848 845 1908 coeli
861 1848 955 1921 cauda
970 1848 1078 1908 Leonis
1094 1849 1218 1925 acquirit
1232 1847 1415 1907 altitudinem
1433 1842 1543 1927 3t¹s2⁰,

189 1936 279 2012 Spina
303 1936 433 2013 Virginis
452 1937 515 2013 jam
539 1934 631 1998 videri
655 1938 757 2014 incipit
778 1935 807 1994 ln
831 1935 933 1995 eodem
956 1935 1015 1995 tere
1038 1936 1262 2014 perpendiculo,
1295 1936 1379 2011 quasi
1411 1937 1542 2006 oriretur,

187 2041 255 2083 cum
278 2034 379 2084 tamen
402 2041 432 2083 re
455 2042 525 2084 vera
548 2026 586 2083 sit
609 2023 705 2083 adhuc
727 2024 810 2096 intra,
835 2025 905 2099 quia
928 2024 993 2101 plns
1017 2040 1105 2100 quarn
1130 2022 1187 2081 34⁰
1202 2024 1262 2096 30‘,
1287 2024 1421 2080 nimirum
1439 2019 1495 2079 35⁰
1512 2023 1543 2077 2‘

185 2128 206 2169 a
228 2112 328 2170 cauda
350 2111 458 2172 Leonis
481 2111 580 2171 distat.
627 2110 724 2169 Causa
754 2128 868 2169 rursum
891 2119 936 2170 est
961 2110 1047 2183 haec,
1083 2112 1153 2187 qnia
1176 2109 1273 2168 radius
1301 2108 1413 2168 caudae
1436 2105 1546 2179 Leonis

182 2216 265 2275 pene
287 2198 361 2257 nihil
385 2200 563 2275 retringitur,
595 2206 713 2276 propter
735 2197 919 2257 altitudinem
943 2196 1044 2257 stellae
1068 2200 1139 2257 satis
1163 2197 1362 2273 magnamab
1385 2195 1545 2269 horizonte,

181 2287 297 2363 Spioae
323 2304 390 2346 vero
419 2286 519 2346 radius
542 2285 664 2345 multum
687 2286 868 2362 retringitur,
902 2286 973 2361 quia
996 2287 1092 2344 oriens
1123 2288 1152 2342 in
1175 2285 1329 2361 sphaeram
1352 2285 1427 2342 adria
1451 2277 1545 2341 radiat

178 2374 403 2451 obliquissime,
426 2364 550 2433 multuni
573 2375 662 2450 igitur
685 2373 799 2432 videtur
824 2373 934 2432 elevari
956 2390 1046 2449 snpra
1067 2372 1165 2432 locum
1185 2372 1298 2447 justum
1322 2379 1350 2432 et
1373 2373 1415 2430 sic
1432 2368 1569 2430 videtur¹

175 2463 426 2540 appropinquare
449 2461 560 2521 catrdae
584 2479 673 2537 supra
695 2478 726 2521 se
749 2462 847 2521 stanti.
1271 2520 1273 2526 ,

216 2586 226 2602 ·
257 2560 337 2616 Sitit
355 2561 428 2615 risus
445 2561 474 2617 in
487 2560 578 2626 Terra,
598 2559 813 2616 AEClineaho-
1127 2558 1179 2609 rig.
1195 2556 1227 2598 ²⁰·

165 2642 313 2709 rimantis,
337 2640 424 2697 cautla
441 2634 542 2696 Leom's
565 2641 688 2699 videatur
705 2656 753 2710 per
771 2656 812 2694 ra·

165 2719 261 2774 dium
288 2719 354 2780 ΑΗ,
380 2720 527 2776 retractum
553 2721 661 2790 quidem
688 2721 716 2775 in
743 2720 812 2775 aeris

159 2804 289 2866 puncto
308 2796 331 2863 1,
350 2796 398 2850 sed
416 2813 520 2867 parom,
539 2804 566 2853 et
580 2806 690 2868 putetur
707 2814 767 2853 esse
785 2798 812 2852 in

154 2876 216 2929 E.
258 2874 282 2928 G
296 2874 387 2943 Spica,
405 2892 475 2944 qnae
486 2892 536 2946 per
550 2878 599 2931 AG
611 2877 716 2933 radium
729 2877 812 2933 videri

155 2955 290 3022 debuit,
309 2962 339 3008 at
356 2971 411 3009 non
430 2955 543 3025 videtur,
562 2973 623 3011 cnm
640 2957 759 3030 pradum
777 2957 813 3010 sit

152 3040 247 3088 orta
270 3049 355 3103 super
376 3036 422 3090 AC
443 3036 625 3099 horizontem,
649 3037 741 3105 itaque
764 3035 813 3089 at}

143 3112 335 3183 inpeditur
354 3121 461 3169 tumore
484 3116 586 3171 Terrae
610 3118 668 3172 AN.
710 3116 814 3172 Nihilo·
1001 3160 1003 3163 .

143 3194 276 3247 minus
295 3191 404 3247 videtur
429 3209 479 3262 per
495 3194 545 3249 ΔΕ
572 3200 599 3249 et
617 3203 729 3265 putatur
747 3198 775 3252 iu
794 3198 814 3253 (l

142 3286 259 3341 esse,
287 3271 353 3339 quia
372 3255 421 3325 GL
444 3271 602 3343 retringitur
618 3275 646 3329 in
665 3264 703 3343 E,
729 3282 758 3330 et
773 3292 814 3330 re·
877 3294 933 3316 ,--

107 3403 111 3414 ,
138 3348 289 3404 fractus
308 3350 359 3410 EA
377 3350 500 3419 pervenit
524 3350 559 3406 ad
578 3352 686 3407 oculum
704 3354 742 3422 A,
770 3355 834 3423 qni·
907 3394 910 3398 «

140 3429 283 3484 oculus
301 3437 383 3499 putat
394 3431 453 3494 AB,
472 3430 521 3484 EG
536 3446 596 3487 esse
615 3448 696 3488 uuam
714 3441 816 3489 rectam

143 3506 267 3562 Ano.
304 3510 402 3576 ltaque
425 3526 475 3579 pro
498 3509 597 3579 angulo
620 3504 696 3566 HAG
720 3511 816 3582 depre-

109 3627 115 3635 .
144 3582 318 3642 henditur
337 3588 452 3657 angulus
470 3589 543 3643 Hac
564 3589 658 3645 minor.

281 3678 365 3739 Unde
392 3683 527 3756 primum
557 3684 692 3742 innotuit
715 3691 814 3744 astro·
851 3746 853 3750 ,

147 3770 286 3864 Quoia
309 3767 440 3828 altitude
462 3769 564 3827 adit?
585 3771 629 3829 Ex
644 3775 861 3848 comparatione
885 3759 1066 3860 quantitatis
1082 3748 1288 3851 retractionem
1312 3798 1341 3851 et
1363 3809 1429 3852 curn
1452 3796 1545 3855 orittu

150 3853 267 3914 sudus
292 3863 322 3914 et
344 3874 410 3916 cnm
432 3857 462 3913 in
485 3856 615 3933 aliquam
637 3856 749 3916 tollitur
771 3859 964 3933 altitudinem.
1158 3875 1160 3877 ’

277 3942 364 4019 Quat
386 3950 459 4003 ΝΜ
480 3962 516 4004 ⁶5⁶
537 3948 641 4021 ⁰P21'01'i
662 3952 868 4026 maurienna,
892 3967 928 4018 ut
942 3962 1097 4022 methodus
1111 3966 1169 4023 aaa
1185 3962 1396 4040 trodi'posiit?
1431 3967 1541 4041 Prirno,

155 4034 244 4096 ‘luo
270 4033 365 4108 magis
389 4029 545 4091 inclinatur
566 4032 666 4092 radius
687 4032 766 4094 Solis
783 4043 837 4103 ⁴vel
859 4046 963 4113 stellae
986 4066 1073 4125 super
1089 4050 1271 4127 superficiem
1289 4055 1375 4128 aius,
1399 4060 1432 4113 nt
1454 4055 1542 4115 medii

157 4104 340 4210 dffflillfsss
364 4118 421 4178 ¹¹⁰⁰
442 4121 536 4196 msstil
559 4121 742 4200 retringitur;
764 4125 865 4207 iitique
879 4134 988 4208 radius,
1013 4139 1062 4213 qni
1079 4137 1234 4213 sphaeram
1248 4141 1324 4199 airis
1347 4144 1448 4216 tangit,
1473 4143 1542 4218 plu·

158 4205 290 4264 rlunum
313 4207 343 4264 in
367 4213 502 4266 contactu
526 4206 699 4285 retringitur.
745 4213 831 4276 Rodii
861 4227 958 4281 tamen
981 4224 1010 4280 in
1033 4233 1141 4300 puncto
1171 4226 1350 4286 retractionis
1383 4245 1484 4287 omnes
1509 4247 1541 4289 sc

161 4293 289 4351 mutuo
311 4302 414 4354 secant
436 4301 465 4352 et
487 4298 667 4391 superiorum
689 4299 718 4356 in
735 4318 800 4364 raro
823 4308 936 4368 retracti
951 4311 981 4367 in
997 4309 1088 4372 denso
1103 4320 1172 4372 sunt
1195 4314 1354 4376 interiores.
1392 4314 1538 4389 Secundo,

161 4382 337 4482 Propertio
361 4382 494 4442 binorum
515 4383 695 4445 retractionis
718 4393 892 4466 angulorum
914 4402 1097 4476 componitur
1120 4418 1155 4460 ex
1172 4400 1285 4472 duabus
1300 4401 1539 4479 proportionibus

166 4461 262 4540 sssis,
287 4486 410 4544 quartam
432 4486 491 4528 nna
513 4476 558 4529 est
581 4474 655 4531 inter
677 4477 801 4553 angulos
824 4482 1063 4560 inclinationum,
1095 4503 1218 4562 quarum
1240 4497 1308 4559 sttnt
1337 4489 1534 4563 retractiones,

80 4640 82 4651 ,
170 4557 361 4615 eousutmos
389 4560 464 4616 intra
496 4557 623 4618 medinm
659 4562 793 4639 densum,
828 4569 927 4630 altera*
952 4575 1026 4631 inter
1057 4591 1156 4634 eorum
1186 4577 1360 4652 angulorum
1390 4583 1535 4639 secantes.

80 4660 84 4717 τι
174 4629 291 4720 linque
322 4643 394 4704 data
420 4644 591 4707 retractione
623 4651 709 4710 unius
739 4654 937 4728 inclinationis
967 4668 1080 4733 cenae,
1114 4661 1219 4721 dantur
1242 4667 1328 4736 etiarn
1352 4662 1540 4723 retractiones

178 4735 350 4791 ceterarum
372 4732 602 4794 inclinationum.
648 4738 757 4816 Tertio,
781 4760 846 4804 cum
869 4748 945 4805 airis
960 4748 1265 4824 sphaeracircumdet
1285 4748 1404 4825 globum
1421 4750 1540 4831 Terrae,
1609 4793 1612 4802 s

88 4852 96 4925 p
183 4823 265 4919 uirus
286 4821 372 4895 igitur
394 4829 424 4881 et
447 4820 698 4924 idemradiusin
720 4834 787 4906 atire
810 4832 895 4913 aliter
918 4852 1005 4911 super
1019 4837 1137 4895 Terram
1161 4834 1324 4906 inclinatur,
1349 4835 1432 4896 aliter
1448 4855 1537 4914 super

90 4924 91 4928 ¹
190 4913 265 4992 §urs
286 4924 387 4966 cavam
410 4909 608 4986 superficiem,
623 4919 735 4991 ,ataui
759 4922 851 4997 tangit
873 4921 1010 4994 Terram,
1034 4924 1133 4982 radius
1156 4938 1259 4997 nempe
1282 4921 1385 4983 sideris
1409 4927 1538 5002 orientis,

183 4997 223 5045 ¹⁸
245 5002 319 5055 secat
345 4998 426 5058 a‘e'ris
457 4999 649 5076 superficiem.
695 5003 819 5086 Quarto,
852 5026 918 5089 euru
949 5010 1139 5075 observamus
1167 5010 1354 5077 retractiones
1382 5013 1538 5092 radiorum,
