3609 5767
331 524 391 592 err
457 482 459 489 ¹
511 492 512 496 ‘
809 517 842 572 u
861 506 983 595 naono
1000 516 1226 588 eurupam
1295 553 1298 557 ,

329 715 384 776 ego
415 713 531 773 qnoque
560 695 703 771 indicari,
736 702 766 756 ct
787 712 854 755 mea
876 693 912 755 de
935 694 981 754 his
1010 704 1107 755 exstat
1129 695 1272 773 epistola,
1303 714 1381 756 anno
1408 699 1489 759 1601
1515 696 1664 759 Guuoad

329 785 398 846 Joh.
424 785 583 844 Antonium
606 784 772 861 Maginum,
804 782 1002 842 Professorem
1023 782 1188 843 matheseos
1212 786 1241 842 in
1264 788 1419 861 munceio
1444 786 1590 845 Patauino
1610 805 1666 864 per·

329 876 449 950 scripta,
474 883 562 951 qnam
585 872 635 949 ille
658 879 726 931 ante
748 871 802 929 hos
829 873 991 942 isannes,
1015 886 1061 929 me
1084 873 1190 944 inscio,
1213 874 1337 948 primum
1360 872 1453 933 edidit
1476 874 1626 934 Bononiae
1646 878 1666 933 in
1702 921 1705 925 «

258 1024 260 1028 ,
328 976 382 1019 eun
404 958 606 1043 supplemento
630 957 870 1035 premeridum,
901 964 1005 1038 estque
1027 974 1161 1017 recusum
1191 957 1247 1018 boe
1267 960 1333 1035 ejus
1357 976 1431 1037 opus
1462 978 1531 1020 enm
1555 962 1668 1040 epistola

327 1064 394 1108 mea
415 1063 491 1105 anno
518 1048 599 1109 1614
622 1045 813 1107 Franeoiurti.
836 1051 892 1103 (dtr.
913 1054 962 1103 vol.
981 1053 1025 1102 111.
1049 1067 1073 1114 p.
1095 1055 1128 1102 ar
1147 1062 1190 1111 ss.)

417 1134 490 1193 Cum
512 1142 611 1193 autem
634 1132 847 1192 Commentario
868 1149 935 1193 mea
960 1132 1022 1207 jam
1045 1132 1123 1191 dicta
1146 1132 1181 1191 de
1202 1134 1461 1194 motibusstellae
1485 1135 1591 1195 Martis
1611 1144 1667 1195 tau·

328 1238 416 1299 quam
439 1227 556 1299 ‘partem
584 1223 680 1299 operis
706 1221 869 1280 tabularum
901 1238 920 1278 a
950 1219 1090 1296 Tyehoos
1118 1220 1233 1279 Braheo
1263 1220 1372 1294 relicti,
1405 1225 1533 1299 primum
1563 1227 1667 1300 incepta

261 1353 264 1357 .
327 1309 502 1381 Beuaticae,
534 1306 672 1368 ediderim
701 1315 768 1386 poet
790 1324 882 1367 annos
908 1324 927 1366 a
949 1316 1040 1366 morte
1062 1306 1212 1383 Tychonie
1235 1317 1316 1381 octo,
1347 1309 1504 1386 Maginue,
1525 1316 1667 1370 *morarum

328 1398 499 1471 impatiens,
530 1412 566 1454 ex
589 1411 623 1453 eo
647 1390 739 1475 opere
756 1396 938 1471 computavit
958 1393 1076 1453 tabulae
1098 1394 1400 1471 prbstbaphaereeeon
1422 1396 1530 1457 Martis
1553 1415 1589 1458 ex
1611 1399 1666 1457 iun

327 1483 474 1542 dementis
497 1482 654 1559 quideme
676 1500 722 1541 me
744 1464 925 1559 positis',‘at
945 1481 1038 1539 forma
1066 1490 1164 1540 umen
1186 1484 1310 1556 usitata,
1341 1501 1451 1568 easque
1474 1493 1588 1561 partem
1609 1486 1665 1545 iecit

327 1571 520 1649 supplementi
548 1571 610 1643 eui3
640 1572 776 1648 repetivit
804 1577 833 1628 et
866 1566 981 1628 tabulae
1011 1576 1142 1627 motuum
1171 1568 1249 1628 Solis
1279 1579 1309 1630 et
1337 1570 1438 1631 Lunae
1469 1590 1506 1631 ex
1535 1572 1664 1632 Tomol

326 1657 628 1734 Progymnasmatum.
666 1656 862 1715 Millenarium
886 1673 956 1715 vero
978 1655 1100 1740 fixarum
1123 1656 1242 1733 plenum
1264 1666 1293 1717 et
1307 1660 1467 1734 perfecerat
1483 1649 1588 1737 Tyaho
1602 1661 1664 1719 Bra·

324 1744 407 1818 hene,
430 1752 586 1821 antequem
610 1747 721 1803 veniret
747 1743 988 1815 iu'Bohemiam,
1019 1751 1049 1802 et
1071 1743 1247 1819 exemplaria
1276 1748 1477 1823 manuscripta
1506 1745 1615 1825 passim
1635 1745 1663 1805 ed

328 1831 521 1891 bibliothecae
544 1831 657 1907 Regum
680 1840 710 1891 et
732 1830 898 1907 Principum
922 1832 1090 1889 transmisit.
1137 1828 1228 1891 Unius
1245 1831 1387 1891 Viennam
1410 1836 1494 1893 missi
1517 1834 1593 1893 lator
1612 1837 1662 1910 iper

201 1911 203 1915 ’
253 1975 259 1984 ,
326 1920 383 1992 ini,
415 1937 480 1978 cum
509 1935 586 1977 anuo
612 1920 703 1980 1600.
727 1918 868 1978 Benatica
896 1917 1057 1977 Bohemiae
1086 1917 1237 1979 discedens
1265 1922 1353 1995 inque
1381 1920 1512 1998 styriam
1544 1940 1660 2000 pergens

326 2006 470 2066 Viennam
486 2009 661 2066 transissem.
699 2006 743 2065 Ex
758 2005 861 2065 borum
883 2008 971 2080 igitur
986 2004 1194 2080 exemplarium
1205 2022 1263 2064 nuo
1276 2006 1447 2067 crediderim
1460 2007 1482 2068 J
1490 2026 1508 2068 o
1518 2009 1659 2068 hannem

327 2091 654 2171 Grnenpsrgerum
685 2112 700 2153 e
723 2093 789 2154 Soc.
812 2092 887 2152 Jesu
916 2092 970 2151 bas
999 2092 1079 2152 milis
1101 2093 1174 2154 fixas
1202 2096 1338 2179 insuam
1366 2094 1403 2155 de
1425 2095 1494 2155 fixis
1516 2096 1657 2156 editionem

304 2180 488 2243 ,Romanam
510 2179 673 2257 derivarem
702 2197 769 2241 nam
791 2182 904 2239 numeri
928 2182 1117 2239 consentiunt
1164 2180 1288 2241 Eaedem
1312 2181 1391 2243 mille
1414 2182 1489 2242 fixae
1513 2192 1542 2243 et
1563 2184 1657 2260 Longi-

325 2277 480 2329 montanus
504 2270 533 2326 in
555 2287 638 2328 suam
661 2269 877 2328 astronomiam
893 2268 1038 2350 Danieam
1060 2270 1190 2338 inseruit,
1214 2270 1299 2328 unico
1323 2269 1514 2347 longitudinis
1537 2270 1655 2348 scrupulo

325 2355 540 2520 Mammium
563 2443 612 2501 din
636 2452 693 2515 est,
729 2460 795 2502 eum
817 2459 853 2501 ex
875 2440 932 2501 hoo
960 2444 1155 2524 astronomiae
1177 2442 1349 2503 Braheanas
1376 2406 1531 2520 naufragio
1554 2445 1652 2504 ubnlu

327 2540 465 2609 exceptae
489 2531 611 2608 cymbae
643 2533 767 2607 quisque
789 2528 865 2589 suae.
883 2528 991 2605 alligit,
1023 2537 1196 2604 constatque
1219 2530 1357 2589 studiosis
1388 2536 1583 2593 astronomiae
1603 2531 1654 2608 plr-

273 2643 276 2646 ·
329 2621 403 2677 rium
426 2621 609 2691 testimonio,
641 2635 786 2694 quaenam
808 2617 912 2676 harum
933 2615 1098 2675 neniarum
1113 2625 1218 2693 partes
1239 2616 1388 2694 'l'ycbonis
1411 2618 1518 2679 Brahei
1542 2622 1597 2679 sint
1615 2635 1653 2694 gr·

232 2705 235 2712 “
328 2709 445 2780 nuinae,
469 2722 545 2781 quae
567 2707 697 2765 vicissim
719 2713 885 2777 meae,'aut
901 2704 1008 2789 quibus
1030 2721 1138 2763 noram
1152 2721 1207 2780 ego
1227 2706 1347 2764 iormam
1364 2706 1527 2767 indiderim.
1565 2702 1653 2766 Obser-

213 2823 215 2827 ¹
327 2797 462 2854 vationes
485 2800 562 2853 certe
577 2793 809 2853 fundamentales
831 2791 1112 2869 praeseutieaetatie
1135 2792 1398 2871 ubieunqoepotni
1421 2812 1458 2852 ex
1481 2794 1545 2854 eolo
1559 2792 1651 2852 Braheo

327 2881 437 2958 delegi,
467 2888 626 2941 ceterorum
658 2889 688 2941 et
710 2897 790 2940 meas
812 2877 968 2951 nonnullae
996 2875 1108 2937 tantum
1139 2887 1191 2938 aut
1212 2895 1369 2951 consensus
1392 2897 1498 2956 eausa,
1531 2890 1580 2941 aut
1599 2881 1650 2957 onir

326 2968 510 3047 habenisue
532 2967 571 3027 ed
593 2968 655 3027 dies
677 2966 748 3027 mibi
770 2970 950 3043 opportunos
971 2982 1030 3024 non
1053 2966 1261 3044 suppetebant,
1285 2966 1408 3027 adscivi.

376 3063 378 3072 '
409 3056 518 3116 Verum
541 3055 577 3115 de
600 3044 684 3115 hisce
708 3054 831 3132 singulis
854 3061 883 3112 et
906 3052 1016 3111 dietum
1031 3060 1076 3113 est
1097 3053 1227 3113 nonnihil
1249 3057 1282 3111 in·
1295 3054 1513 3116 introductione
1535 3055 1571 3115 ad
1590 3068 1650 3113 nce

273 3175 274 3178 ¹
320 3130 533 3221 'Ephemeridee
556 3150 586 3202 et
606 3144 692 3221 plura
713 3140 829 3202 dicendi
857 3140 940 3199 locus
964 3142 1018 3202 erit
1039 3140 1123 3203 alins.
1166 3141 1299 3202 Tabulae
1322 3143 1399 3202 enim
1428 3146 1595 3203 manuarias
1613 3140 1650 3199 de·

322 3230 393 3290 benc
414 3247 519 3291 vacare
540 3230 678 3307 pondere,
701 3228 780 3306 quod
802 3246 821 3288 a
841 3226 963 3304 prolixis
986 3230 1155 3287 commentis
1177 3231 1219 3288 eis
1241 3228 1401 3289 accederet.
1442 3231 1562 3290 Interim
1582 3230 1650 3288 habet

188 3317 195 3324 ’
322 3316 547 3378 lector-editam
568 3336 586 3377 a
608 3335 654 3378 me
678 3335 754 3376 anno
781 3318 872 3375 1621.
897 3314 1048 3390 Epitomes
1070 3315 1274 3376 Astronomiae
1301 3324 1416 3393 partem
1436 3317 1605 3390 theoricam,
1628 3316 1648 3370 it

324 3421 382 3482 quo
411 3404 485 3465 libro
516 3412 545 3465 et
567 3404 675 3465 formas
695 3404 901 3483 hypothesium
929 3402 1146 3478 particularium
1168 3401 1324 3484 (generalis
1354 3408 1446 3480 enim,
1477 3415 1512 3465 nt
1530 3408 1561 3464 in
1581 3403 1650 3463 Con·

286 3523 287 3526 ¹
323 3495 473 3552 menteriie
495 3492 598 3552 Martis
634 3492 846 3570 demonstravi,
879 3492 1039 3549 eommunis
1068 3498 1112 3549 est
1141 3499 1171 3550 et
1200 3489 1370 3551 Ptolemaeo
1399 3501 1430 3552 et
1452 3492 1651 3570 (lopemicoet

322 3558 468 3657 lycisci)
490 3587 520 3639 et
540 3579 710 3641 methodum
732 3576 921 3657 computandi
944 3580 1039 3637 exiis
1062 3594 1162 3638 omnes
1184 3587 1213 3642 et
1226 3580 1365 3655 ,singulae
1389 3577 1651 3641 harnm‘tabulxm

320 3676 418 3744 partes
439 3669 577 3727 inveniet.
969 3725 971 3729 Α
1028 3684 1031 3689 ·

381 3754 464 3814 *Hie
492 3762 647 3831 antequam
678 3754 809 3814 desinam
837 3752 921 3814 lucus
944 3753 1062 3829 quidem
1091 3770 1138 3811 me
1168 3751 1322 3827 admonet,
1351 3762 1386 3813 ut
1415 3772 1554 3815 excusem
1575 3765 1652 3812 more

310 3840 459 3901 'editionis
487 3843 653 3902 tabularum
682 3845 889 3906 ietammsstam
918 3840 1081 3914 diuturnas3
1113 3841 1221 3917 qnippe
1245 3841 1294 3919 hie
1314 3842 1474 3902 vicesimus
1497 3850 1527 3903 et
1548 3847 1649 3919 quntut

245 3955 276 4008 j
321 3937 366 3988 est
399 3947 418 3989 e
451 3936 543 3989 morte
571 3929 732 4008 'lychonis'
749 3927 856 3990 Brahei
887 3929 995 4002 annus,
1027 3945 1086 4004 quo
1117 3943 1173 4004 ego
1202 3928 1271 3988 totn'
1294 3937 1426 4004 tempore
1457 3933 1546 3989 nium
1573 3928 1649 4003 lmpp.

321 4016 539 4076 Austriacorum
561 4017 706 4095 stipendia
728 4032 824 4077 mereo
847 4016 953 4089 aulice,
977 4016 1084 4091 quibus
1099 4016 1221 4075 accessit
1242 4018 1454 4091 posterioribus
1472 4020 1563 4087 annis,
1579 4017 1650 4075 eben

318 4102 477 4164 Procerum
499 4103 714 4170 Archiducatus
729 4104 874 4163 hasbina
890 4102 1105 4179 Supranisanae
1128 4103 1303 4185 stipendium
1327 4120 1468 4164 annuum.
1515 4099 1651 4164 Vemmsi

219 4209 221 4213 ’
303 4197 434 4272 tempus
457 4189 565 4250 dudum
589 4194 727 4261 amissum
743 4191 834 4251 ‘aliter
852 4192 972 4267 pensari
993 4192 1102 4265 nequit,
1126 4192 1183 4249 nisi
1204 4198 1233 4250 et
1248 4193 1388 4268 temporis
1411 4199 1440 4251 et
1461 4207 1569 4269 operas
1582 4204 1651 4268 prae·

319 4281 410 4337 sentis
440 4277 604 4356 impendio,
635 4281 733 4357 potius
753 4280 849 4355 igitur
877 4279 1044 4356 praesentia
1072 4279 1262 4351 retineamus,
1291 4278 1394 4355 elapsa
1419 4277 1650 4356 relinquamnsin

318 4368 471 4442 vituperio.
516 4366 579 4426 Etsi
602 4364 787 4425 difficultates
809 4362 969 4439 aulicorum
982 4363 1261 4442 impedimentomm
1285 4368 1459 4442 praesertim
1474 4366 1560 4427 bellis
1578 4368 1650 4422 iste·

293 4510 297 4527 ,
319 4455 510 4528 currentibus,
532 4453 628 4531 neque
652 4455 777 4530 expertis
801 4468 1026 4513 commemorare
1048 4461 1231 4524 nseesseest,
1254 4469 1349 4528 neque
1370 4454 1482 4529 ignaria
1496 4450 1649 4533 persuadet

261 4610 262 4614 Ἰ
318 4540 413 4601 facile.
460 4541 537 4615 Quid
560 4558 645 4614 vero,
676 4542 821 4618 superetis
844 4542 879 4598 iis
903 4538 1138 4612 difficultatibus,
1166 4538 1357 4607 meditatione
1379 4543 1436 4599 sim
1460 4543 1573 4601 interim
1594 4553 1649 4597 eou-

318 4635 436 4687 secntus
450 4627 577 4701 assidua,
601 4646 677 4705 quae
693 4626 846 4688 commoda
868 4644 903 4687 ex
926 4626 1023 4700 moris,
1047 4628 1223 4687 contentioni
1239 4626 1465 4700 meditationum
1480 4626 1647 4705 interposi&

192 4703 194 4711 ‘
317 4714 546 4775 redundaverint
577 4717 606 4773 iu
633 4717 839 4792 perlectionem
868 4713 1073 4791 philosophiae
1100 4712 1249 4787 eoelestis,
1280 4718 1310 4773 aa
1331 4713 1398 4773 libri
1421 4718 1483 4776 mei
1503 4716 1648 4791 loquenten

318 4816 392 4876 quos
424 4805 536 4862 interea
556 4802 682 4879 publicis
705 4805 807 4864 usibus
830 4802 962 4876 exhibui,
993 4808 1023 4861 et
1052 4804 1126 4861 ratio
1149 4803 1213 4879 ipsa
1234 4801 1466 4878 philosophandi
1495 4806 1647 4873 novimum

317 4888 518 4949 inventionum
558 4892 716 4968 recusum
733 4892 929 4951 astronomiae
959 4889 1112 4949 translatio
1143 4888 1329 4964 inopinabilis
1361 4907 1380 4949 a
1409 4891 1526 4964 wanlia
1557 4885 1646 4946 hctitilt

133 4965 135 4968 ’
254 5001 255 5004 ¹
317 4972 356 5032 ed
377 4992 483 5038 caueae
504 4977 666 5054 naturales,
696 4978 842 5056 indagatu
864 4975 1121 5056 protundusimas,
1150 4976 1298 5053 explicatu
1327 4984 1357 5037 et
1380 4965 1544 5053 salariata,
1570 4976 1647 5052 prino
