3609 5767
1303 529 1582 586 Horrocdi
1618 529 1654 585 J
1658 528 1909 586 odicium.
2824 523 2943 587 651

261 707 495 784 angulis
535 709 765 784 magnis
812 707 1004 783 Ace,
1064 708 1242 769 ΒΟΚ.
1333 706 1451 769 Sed
1495 709 1572 769 sit
1615 709 1718 769 Sol
1763 708 1848 783 H,
1905 710 2016 768 erit
2405 694 2503 745 ¹¹¹⁸·
2532 690 2576 736 ²·

263 796 505 874 planum
549 803 906 856 menstruum
947 796 1054 871 HI,
1102 798 1457 857 eccentricus
1500 797 1600 870 IL,
1647 804 1713 856 ut
1756 796 1786 856 1
1832 798 1907 855 sit
1953 800 2012 854 in
2043 819 2072 850 ·.
2243 821 2322 876 fl.

264 883 471 944 eadem
517 881 879 959 longitudine
924 901 1056 944 cum
1101 884 1178 959 Ο,
1238 892 1296 943 et
1340 882 1432 943 hic
1477 892 1637 944 secat
1680 884 1788 944 ΗΟ
1834 886 1895 943 ἰι)
1940 882 2014 944 Ο.
2603 927 2609 969 ff

264 970 479 1030 Adbuc
496 978 752 1048 'magnus
798 979 887 1031 est
913 971 1163 1048 angulus
1199 970 1355 1044 HIL,
1401 971 1505 1033 sed
1539 972 1695 1051 apud
1734 978 2015 1049 punctum
2605 970 2606 974 ’
2706 903 2713 1067 ¹

263 1057 311 1134 1,
362 1058 521 1135 quod
559 1059 685 1135 jam
730 1066 818 1119 est
861 1062 1101 1136 propius
1147 1060 1256 1137 ipsi
1289 1057 1365 1116 H.
1457 1060 1561 1118 Est
1605 1061 1758 1120 enim
1788 1060 1818 1118 I
1850 1060 2015 1119 locus
2097 1057 2102 1064 '
2604 1054 2606 1065 ⁴
2709 1080 2710 1089 ¹

2375 1089 2427 1137 ει·

262 1145 405 1205 nodi
451 1146 796 1222 aequabilia,
841 1144 927 1206 10
972 1146 1532 1225 prosthaphacresis.
2423 1109 2514 1293 [N
2968 1206 2973 1208 ,

380 1227 400 1240 ’
445 1249 537 1310 Sit
565 1268 792 1310 rursum
822 1239 924 1311 Sol
955 1253 1010 1309 in
1043 1252 1125 1326 M,
1171 1251 1407 1331 planum
1437 1259 1796 1312 menstruum
1829 1251 2021 1329 QMR,
2426 1240 2434 1326 ss
2500 1237 2590 1333 ’Ψ
2871 1289 2873 1292 f
2903 1213 2971 1313 ts

264 1341 624 1401 eccentricus
667 1338 845 1412 Nes,
895 1348 958 1397 ut
1003 1339 1079 1411 Ε,
1142 1342 1325 1398 sectio
1381 1356 1514 1399 cum
1558 1339 1751 1417 plano,
1800 1358 2024 1400 rursum
2398 1353 2434 1424 ἲῚΓ
2486 1341 2490 1344 ’
2610 1273 2900 1605 wi...]

264 1430 344 1489 sit
392 1430 450 1484 in
497 1425 703 1485 eadem
746 1426 1109 1502 longitudine
1166 1443 1297 1485 cum
1342 1426 1406 1487 Ο.
1494 1427 1745 1486 Rursum
1788 1428 1883 1488 bic
1927 1428 2023 1489 NS

266 1508 435 1576 secat
481 1512 805 1589 eclipticam
851 1516 910 1572 in·
954 1514 1035 1587 P,
1099 1521 1155 1571 et
1201 1521 1289 1574 est
1332 1514 1434 1574 PE
1485 1515 2025 1592 prosthaphaeresis
2206 1585 2210 1589 ,

269 1613 330 1663 et
380 1600 536 1678 apud
581 1608 859 1677 punctum
887 1601 936 1659 P
965 1618 1210 1677 magnus
1258 1601 1508 1678 angulus
1553 1602 1731 1662 SPM.
1824 1604 2027 1681 Magni
2097 1589 2206 1681 s
2387 1606 2506 1673 ἨἫ

268 1698 411 1749 sunt
457 1688 674 1764 anguli,
721 1687 823 1746 sed
871 1687 1118 1747 latitudo
1165 1706 1278 1748 non
1327 1690 1391 1749 fit
1431 1707 1646 1766 magna
1692 1693 1748 1749 in
1800 1700 1876 1759 0²
1925 1688 2033 1773 Θ,

271 1780 416 1855 quia
460 1783 863 1852 argumentum
923 1775 1036 1835 ΡΜ
1083 1785 1176 1835 est
1221 1778 1455 1836 brevius
1501 1795 1676 1855 quam
1708 1778 1842 1837 ΕΜ.
1934 1780 2032 1839 Sic
2247 1729 2374 1837 s
2367 1713 2726 1974 {s}
2671 1733 2802 1901 ,Χ

271 1864 384 1925 CH
431 1864 666 1923 brevius
714 1881 890 1939 quam
937 1860 1079 1922 ΜΗ.
1171 1863 1236 1925 Si
1279 1874 1472 1924 autem
1520 1883 1637 1924 uon
1683 1873 2031 1943 transpone·-
2181 1889 2186 1893 ·
2443 1937 2447 1942 ,

269 1961 432 2012 retur
475 1951 712 2035 planum
759 1950 916 2010 DCF
962 1953 1021 2009 in
1067 1950 1203 2013 HIS
1248 1961 1308 2011 et
1354 1951 1545 2028 QMR,
1592 1970 1701 2013 nec
1747 1957 2032 2020 ecceutri-

269 2042 452 2100 tricas
513 2056 586 2097 ex
641 2036 806 2101 GCK
861 2040 920 2096 in
966 2036 1104 2098 LOI
1163 2047 1222 2099 et
1265 2040 1444 2115 NPS,
1506 2049 1646 2099 tunc
1689 2058 1827 2100 vere
1869 2041 2033 2102 fieret
2181 2041 2258 2112 s‘
2443 2033 2447 2066 '
2622 1993 2631 2121 Ι
2725 1979 2734 2121 1
2831 1986 2991 2217 NB

272 2144 496 2202 magna
551 2124 801 2185 latitudo
860 2128 1034 2184 etiam
1095 2125 1235 2186 Sole
1296 2136 1434 2187 ante
1498 2136 1558 2185 et
1618 2136 1753 2203 post
1813 2128 2034 2188 nodum

273 2222 579 2275 versante.
641 2212 745 2271 sed
784 2220 937 2272 tunc
992 2214 1322 2297 intersectio
1375 2215 1537 2292 plani
1591 2219 1870 2274 menstrui
1916 2234 2032 2276 non

274 2309 434 2362 esset
489 2317 620 2360 cum
666 2299 838 2373 Sole,
897 2300 1011 2360 sed·
1055 2318 1186 2361 cum
1244 2300 1401 2361 nodo
1447 2302 1772 2378 ordinari03
1836 2307 2033 2380 itaque

273 2407 396 2480 non
442 2388 786 2448 alteraretur
828 2387 1098 2470 latitudo,
1143 2388 1314 2448 Luna
1358 2407 1461 2466 per
1507 2389 1693 2448 nodos
1739 2393 1795 2449 in
1843 2390 2543 2453 octantibusincedente.

412 2528 761 2588 Delineatio
806 2528 1158 2587 anomaliae
1198 2530 1435 2589 mediae
1477 2531 1562 2589 ad
1602 2534 1850 2609 sinyula
1893 2537 2139 2608 minuta
2183 2529 2586 2609 aequationis‘
2601 2525 2862 2604 primae.

925 2611 1156 2695 (Ulmae
1193 2614 1422 2690 49128.
1469 2618 1613 2695 Maji
1667 2618 1877 2701 1627.)
1923 2626 2335 2696 (Fragmentum.)

459 2718 616 2795 Qula
660 2734 921 2795 papyrus
978 2728 1179 2792 vacat,
1229 2721 1332 2781 bic
1390 2722 1558 2799 plura
1603 2726 1842 2784 tentabo
1891 2725 1962 2785 de
2006 2724 2322 2803 hypothesi
2379 2719 2733 2792 latitudinis,
2798 2718 2991 2780 conti·-

277 2808 479 2868 nuabo
527 2824 611 2868 sc.
657 2804 815 2884 quod
864 2805 1010 2864 infra
1042 2817 1129 2867 est
1162 2810 1493 2886 abruptum.
1583 2811 1719 2872 Scio
1752 2813 1929 2889 quod,
1973 2813 2213 2889 abjecta
2242 2810 2529 2871 nodorum
2558 2805 2989 2885 prosthaphae-

277 2899 392 2956 resi
441 2902 499 2954 et
544 2894 720 2972 plano
766 2902 1091 2965 menstruo,
1153 2899 1412 2956 vicissim
1458 2898 1766 2959 libratione
1828 2908 2063 2978 peracto
2119 2900 2299 2977 plano
2356 2897 2586 2956 solutae
2643 2910 2819 2969 super
2879 2907 2990 2950 axe
3057 2944 3070 2963 ,

278 3001 386 3063 Per
432 2981 621 3041 ”⁰⁶⁰⁸
667 2987 858 3051 eume,
907 2998 965 3038 ¹¹²
1017 2994 1090 3051 <Y
1141 2980 1226 3064 G)
1277 2984 1352 3059 Ω,
1402 2993 1461 3045 et
1505 2988 1562 3044 in
1610 2987 1683 3060 U
1729 2984 1815 3078 Q
1867 2987 1940 3064 Ω
1991 2988 2137 3046 nihil
2184 2999 2447 3064 peccem,
2496 2991 2557 3041 at
2599 2983 2649 3038 si
2702 2980 2778 3056 Q
2824 2998 2860 3038 a
2908 2976 2982 3053 Ω

284 3089 388 3150 per
438 3070 584 3138 315,
631 3066 790 3144 quod
835 3075 974 3127 tunc
1018 3087 1255 3145 peccem
1300 3076 1358 3129 in
1412 3086 1482 3144 0²
1535 3070 1618 3155 Q
1670 3076 1745 3151 ρ)
1794 3092 1901 3151 per
1953 3076 2050 3148 10,
2098 3076 2157 3131 in
2209 3084 2282 3142 0²
2317 3068 2400 3153 Q
2445 3070 2519 3147 Ω
2568 3085 2673 3146 per
2720 3061 2879 3158 972
2929 3067 2989 3122 in

288 3161 364 3233 []
408 3152 493 3239 Φ
551 3156 627 3231 Θ
693 3172 797 3232 Ρθῐ·
842 3157 909 3229 3,
927 3181 934 3187 ·
975 3158 1030 3214 in
1092 3156 1276 3219 limite
1321 3155 1404 3240 Φ
1467 3178 1502 3220 a
1547 3158 1631 3242 Q
1701 3165 1821 3222 135
1885 3179 1988 3240 per
2050 3164 2088 3219 4
2136 3159 2412 3220 excedam
2473 3160 2531 3215 in
2589 3157 2860 3226 boream,
2930 3153 2989 3210 in

292 3259 361 3311 00
400 3240 486 3325 Q
519 3240 605 3324 Q
649 3260 753 3322 per
808 3245 899 3301 10
989 3243 1227 3305 Dictum
1278 3250 1451 3307 etiam
1500 3250 1598 3322 ibi,
1648 3250 1805 3325 quod
1851 3249 1963 3308 hoc
2005 3257 2310 3325 peccatum
2356 3247 2415 3303 in
2453 3256 2525 3315 0(
2569 3252 2636 3305 ορ
2682 3241 2756 3318 Θ
2807 3242 2990 3316 initio,

284 3332 523 3410 quaudo
577 3329 650 3405 Ω,
702 3336 790 3390 est
837 3333 1059 3390 vicinus
1119 3333 1310 3393 adbuc
1357 3334 1511 3408 Soli,
1572 3336 1701 3395 tolli
1762 3355 1878 3396 non
1940 3337 2170 3399 debeat.
2261 3332 2442 3411 Coepi
2500 3338 2559 3391 et
2604 3327 2675 3391 de
2722 3327 2991 3388 remediis

285 3421 502 3480 dicere.
597 3422 677 3476 At
721 3434 885 3475 nunc
918 3418 1014 3478 hic
1059 3422 1360 3499 probetur,
1411 3424 1549 3500 quid
1576 3426 1896 3506 varietatis
1943 3427 2185 3498 existat,
2231 3424 2282 3483 si
2327 3418 2629 3481 inclinatio
2671 3416 2873 3476 limitis
2917 3412 3001 3473 sit

286 3510 458 3567 initio
507 3515 566 3567 et
609 3505 723 3564 fine
770 3504 954 3564 tarda.
994 3539 1069 3548 —

498 3593 645 3642 Haec
688 3598 965 3651 sequnntur
1013 3594 1064 3643 ln
1109 3597 1448 3659 manuscripto
1485 3596 1735 3660 Tabulae,
1783 3613 1912 3663 quae
1948 3603 2063 3647 ante
2100 3597 2377 3661 praemissa
2413 3594 2764 3655 concinnatae,
2814 3589 2993 3655 primo,

284 3682 340 3724 nt
380 3674 597 3736 videtur,
633 3672 696 3719 ad
735 3671 857 3721 Tab.
884 3673 1015 3724 Rud.
1053 3674 1326 3724 destinatae
1363 3678 1573 3742 fuerant,
1612 3675 1798 3743 quibus
1836 3678 2106 3741 adscripsit
2140 3673 2413 3739 Keplerus·
2467 3668 2562 3724 11.
2594 3660 2790 3722 Mart.
2810 3662 2993 3720 1621.

501 3999 612 4048 Non
647 4000 736 4048 aba
771 4014 823 4048 re
861 3999 1095 4047 duximus
1132 4000 1226 4058 his,
1283 4014 1409 4064 quae
1447 3999 1507 4049 de
1543 4001 1750 4049 Tabulis
1785 3996 2122 4060 Rudolphinis
2169 3997 2540 4060 praemisimus,
2595 3996 2865 4056 adiungere
2908 4008 2998 4043 ex-

289 4077 460 4135 cerpta
501 4084 558 4118 ex
599 4070 826 4131 epistolis
862 4068 893 4117 J
906 4071 1174 4119 eremias
1211 4038 1562 4119 ’Horroccii
1591 4070 1655 4119 ad
1693 4069 2043 4131 &sbti-acum,
2080 4068 2265 4132 quibus
2302 4065 2388 4115 ille
2419 4065 2668 4128 judicium
2692 4065 2790 4115 fert
2826 4064 2886 4112 de
2923 4065 3000 4112 his

287 4140 499 4192 Tabulis
538 4154 801 4204 earumque
841 4154 985 4186 conse
990 4153 1133 4187 nsum
1173 4155 1282 4198 cum
1322 4142 1755 4189 observationibus
1793 4140 1994 4202 probat.

443 4214 447 4219 '
502 4211 598 4258 Die
636 4212 687 4259 3.
724 4210 867 4257 Junii
906 4211 1035 4258 1637
1076 4211 1250 4258 scribit
1294 4210 1627 4258 Horroccius·
1663 4206 1748 4261 Tu
1779 4206 1943 4275 juxta
1980 4219 2189 4259 mecum
2227 4219 2348 4259 cum
2373 4202 2611 4273 Keplero
2650 4200 2869 4268 cogitas,
2908 4198 3003 4268 qui

286 4288 479 4346 stellas
517 4286 654 4340 fixas
690 4295 751 4339 ut
786 4298 934 4338 mera
972 4292 1173 4353 puncta
1200 4285 1488 4353 existimat,
1526 4301 1625 4339 nec
1663 4286 1973 4354 quicquam,
2010 4285 2200 4354 inquit,
2236 4282 2463 4352 impedit
2499 4281 2628 4350 quin
2658 4278 2751 4333 Sol
2779 4277 2850 4331 sit
2874 4276 3000 4331 fixis

285 4371 482 4437 maJ'or.
530 4382 652 4434 pag.
676 4364 795 4418 -498
833 4365 1008 4430 (335.)
1083 4363 1278 4418 Confer
1328 4364 1462 4419 haec
1520 4380 1640 4419 cum
1690 4364 2027 4433 Lansbergio
2076 4362 2355 4435 (Uranom.
2398 4359 2489 4413 lib.
2529 4361 2575 4412 3.
2612 4358 2697 4411 El.
2746 4357 2869 4423 21.),
2908 4354 3002 4423 qui

287 4448 585 4510 existimat,
625 4450 847 4496 fixarum
875 4441 1135 4497 maximas
1172 4442 1405 4511 majores
1432 4457 1550 4496 esse
1576 4459 1682 4495 nou
1710 4441 1838 4508 Sole
1866 4444 2081 4512 (parum
2108 4442 2258 4510 hoc),
2300 4438 2394 4492 sed
2421 4437 2621 4491 Terrae
2647 4437 2779 4490 orbe
2804 4447 3000 4501 magno

286 4526 500 4582 vicibus
527 4522 714 4579 20053.
779 4522 851 4575 At
886 4521 1101 4576 interim
1138 4521 1370 4575 fixarum
1406 4519 1711 4590 parallaxin
1748 4520 1820 4577 ad
1845 4520 2028 4576 orbem
2056 4520 2257 4574 Terrae
2293 4516 2440 4570 facit
2450 4517 2519 4567 7⁴¹
2543 4515 2663 4569 22”
2690 4512 2883 4576 (Elem.
2910 4515 3003 4580 7..)

285 4606 759 4661 Semidiametrum
796 4609 976 4656 autem
1013 4600 1241 4655 fixarum
1280 4606 1628 4669 apparentem
1665 4598 2053 4673 magnitudinis
2092 4596 2313 4664 quintae
2364 4600 2419 4645 et
2455 4600 2644 4645 sextae
2681 4589 2807 4646 facit
2843 4594 2911 4648 5⁴⁴
2946 4597 3003 4646 et

285 4685 317 4742 2
329 4688 428 4755 ¹“f2
443 4727 456 4754 ,
499 4697 636 4750 quas
672 4688 856 4735 tamen
892 4696 1088 4750 magno
1127 4680 1256 4734 orbe
1293 4681 1493 4734 Terrae
1530 4679 1646 4734 vult
1681 4680 1918 4747 majores
1946 4690 2093 4740 esse3
2134 4687 2273 4742 quac
2301 4678 2427 4725 sunt
2451 4676 2710 4739 asystata
2783 4670 3002 4725 Erroris

287 4779 456 4820 cansa
495 4767 605 4827 est,
659 4760 802 4829 quod
854 4759 906 4812 in
956 4758 1262 4814 definienda
1296 4757 1576 4827 parallaxi
1627 4756 1819 4826 (Elem.
1858 4757 1928 4820 7.)
1979 4748 2322 4807 distantiam
2343 4762 2525 4803 earum
2578 4747 2711 4802 facit
2764 4750 3001 4820 partium

287 4843 627 4907 280000000,
668 4839 855 4907 quales
891 4833 1058 4892 habet
1094 4838 1239 4892 orbis
1266 4838 1468 4891 Terrae
1509 4838 1706 4905 100003
1743 4832 1839 4895 sed
1878 4833 1934 4885 in
1961 4828 2276 4884 definiendis
2301 4826 2760 4895 magnitudinibus
2799 4828 3001 4883 distan-
3082 4833 3086 4838 ’

285 4922 422 4977 tiam
462 4916 649 4975 earum
696 4918 829 4973 facit
865 4918 1090 4972 totidem
1127 4917 1643 4972 semidiametrorum
1681 4915 1908 4977 Terrae,
1963 4910 2067 4965 hoc
2104 4914 2188 4982 est
2231 4907 2459 4964 totidem
2496 4905 2755 4975 partium,
2814 4907 3002 5006 quales

286 5003 461 5058 habet
498 4999 645 5095 orbis
684 4997 885 5054 Terrae
922 4997 1144 5067 1498¹l2
1185 4996 1385 5096 (Elem.
1424 4996 1537 5066 20.)
