3609 5767
1132 425 1134 431 ⁴
1168 453 1171 457 ¹
1282 446 1290 477 ι

310 541 372 601 did
678 533 710 591 ln
728 533 847 590 Tabulas
866 530 1056 603 Rndolphinas
1073 532 1218 591 Praefatio.
1293 570 1298 574 -

310 714 382 774 mihi
410 725 467 774 usn
490 713 587 774 venire
610 720 724 791 posset,
752 720 786 772 nt
808 711 944 790 petulans
967 710 1074 790 aliquis
1106 729 1257 790 vanusque
1280 714 1350 773 artis
1376 712 1507 789 jactator
1535 718 1642 784 coortus,

310 800 425 862 tabulas
452 801 522 875 has',
552 800 633 860 nulla
656 800 825 861 coelestium
853 801 1082 878 apparitionum,
1108 804 1190 877 qnas‘
1209 799 1278 859 illae
1300 795 1537 877 repraesentant,
1559 799 1644 859 habita

308 891 429 962 ratione,
452 886 515 950 κατ’
539 886 656 965 ἀντικρὺ
679 905 763 948 veras
787 905 852 948 esse
874 896 962 965 neget
984 905 1159 966 eversaeque
1174 896 1265 966 putet,
1289 891 1314 949 si
1337 905 1369 947 se
1396 886 1644 947 demonstratumn

308 978 462 1054 receperit,
492 975 565 1035 falsa
589 992 653 1036 esse
675 977 817 1052 principia
840 974 892 1035 illa
914 976 1052 1052 physica,
1085 993 1162 1053 quae
1182 976 1274 1052 jacto.
1318 973 1383 1052 Ego
1407 992 1479 1036 vero
1504 977 1558 1036 etsi
1579 977 1645 1051 prin·

309 1068 399 1143 cipia,
423 1063 528 1140 quibus
550 1066 665 1136 innitor,
690 1063 767 1139 apud
791 1062 849 1122 alia
872 1062 1030 1123 tribunalia
1051 1080 1098 1140 me
1121 1081 1206 1141 spero
1223 1063 1416 1137 defensurum,
1440 1065 1471 1121 in
1487 1062 1544 1122 hac
1564 1069 1645 1121 tamur

308 1159 370 1213 arte
393 1159 440 1211 sat
461 1150 570 1225 habco,
602 1152 627 1209 si
650 1167 702 1227 per
725 1168 760 1210 ea
786 1148 954 1210 calculatori
985 1149 1168 1210 definitiones
1196 1158 1225 1211 et
1246 1159 1405 1227 praecepta
1427 1150 1594 1211 necessaria
1620 1150 1646 1209 ob

310 1240 411 1300 oculos
434 1237 559 1316 posuero
583 1238 756 1311 evidentius,
781 1255 867 1313 quern
891 1255 944 1314 per
965 1238 1050 1297 orbes
1072 1237 1191 1312 solidos,
1216 1256 1309 1315 coque
1326 1240 1444 1297 nomine
1469 1247 1499 1299 et
1514 1245 1647 1316 permuta·

308 1330 418 1387 tionem
440 1325 599 1385 solidorum
630 1327 743 1385 orbium
770 1342 836 1384 cum
859 1327 955 1385 causis
986 1333 1118 1384 motuum
1140 1325 1271 1403 physicis
1295 1325 1445 1386 defensam
1475 1333 1505 1385 et
1538 1342 1573 1385 eo
1594 1327 1647 1401 ipso

310 1432 429 1475 causam
451 1421 597 1473 tantarum
619 1429 762 1473 morarum
791 1430 868 1472 nunc
889 1422 1055 1489 peroratam
1079 1414 1222 1473 existimo.
1233 1412 1265 1490 ¹*)
1286 1418 1289 1424 '
1310 1414 1415 1490 Itaque
1444 1412 1484 1474 ad
1507 1411 1647 1489 vulgatum

307 1502 383 1578 illud
410 1517 574 1574 recurrens,
605 1509 653 1560 sot
681 1503 754 1574 cito,
785 1505 812 1559 si
841 1493 893 1558 sot
916 1500 1002 1572 hene,
1034 1499 1129 1559 Deum
1158 1499 1350 1561 immortalem
1382 1501 1505 1559 summis
1527 1500 1647 1577 praedico

308 1590 453 1664 laudibus,
477 1591 527 1664 qni
550 1587 736 1648 mortalitatis
759 1604 841 1647 meae
864 1586 1024 1646 fluxibilem
1048 1587 1202 1647 decursum
1225 1588 1360 1650 adhunc
1374 1606 1470 1664 usque
1494 1586 1571 1647 diem
1593 1586 1648 1645 mihi

329 1678 488 1755 rorogavit,
512 1692 571 1752 quo
595 1675 726 1734 ultimam
749 1674 866 1736 tandem
888 1691 1006 1738 manum
1030 1674 1119 1752 operi,
1142 1674 1279 1735 laudibus
1295 1676 1357 1751 ejus
1381 1675 1578 1750 humanisque
1600 1676 1648 1734 nsi·

308 1696 364 1826 pus
381 1764 534 1837 destinato,
552 1765 681 1840 gratioso
697 1763 760 1839 ejus
776 1762 886 1822 anxilio
899 1761 935 1821 ds
947 1760 1167 1822 difficultatibus
1179 1762 1312 1823 omnibus
1325 1762 1518 1839 triumphans,
1535 1765 1648 1841 impono.

395 1852 432 1910 Et
461 1851 496 1914 de
520 1850 692 1911 certitudine
715 1849 833 1927 quidem
864 1848 967 1917 calculi
998 1850 1182 1926 testabuntur
1213 1852 1434 1910 ohservationes
1465 1851 1649 1927 praesentium

309 1948 480 2016 temporum,
504 1940 644 2015 imprimis
667 1938 855 2014 Braheanae3
888 1934 924 1995 dc
947 1936 1052 1995 futuris
1075 1955 1144 1997 vero
1167 1938 1346 2020 temporibus
1368 1936 1455 2017 plura
1478 1952 1649 2015 praesumere

310 2042 369 2086 non
392 2043 561 2104 possumus,
591 2042 679 2100 quam
703 2026 748 2084 vel
773 2026 994 2085 observationes
1018 2033 1164 2100 veterum,
1196 2027 1302 2103 quibus
1325 2043 1396 2084 usus
1419 2043 1503 2101 snm,
1527 2024 1574 2084 vel
1597 2028 1648 2101 ipsa

309 2122 441 2174 motuum
464 2111 624 2172 mediorum
648 2111 785 2186 conditio,
810 2111 938 2172 nondum
952 2113 1069 2189 penitus
1092 2111 1251 2190 explorata,
1276 2128 1493 2190 concursusque
1509 2129 1647 2171 causamn

310 2202 496 2280 physicarum
528 2207 675 2278 praestare
705 2206 841 2277 possunt,
874 2216 939 2259 cum
962 2199 1181 2261 observationes
1204 2201 1431 2277 Regiomontani
1456 2209 1486 2260 et
1517 2198 1647 2259 Waltheri

308 2295 457 2360 testentur,
483 2290 600 2347 omnino
623 2287 659 2347 de
683 2287 907 2364 aequationibns
930 2286 1110 2347 secularibus
1133 2288 1218 2347 nohis
1242 2306 1307 2348 esse
1323 2287 1522 2364 cogitandum,
1547 2294 1578 2346 nt
1598 2290 1647 2345 sin·

306 2376 400 2452 gulari
428 2376 528 2435 libello
552 2373 670 2435 reddam
702 2374 933 2452 demonstratum,
963 2392 1016 2433 sno
1036 2375 1169 2453 ,tenipore
1200 2379 1234 2446 (v.
1260 2382 1556 2449 intrat01.t‘.²5.ss.);
1586 2388 1646 2450 quae

306 2472 408 2523 tamen
425 2465 615 2540 aequationes
631 2461 732 2538 quales
748 2472 776 2521 et
792 2458 919 2539 quantae
934 2463 1001 2536 sint,
1025 2470 1093 2522 ante
1116 2462 1305 2540 plurimorum
1319 2461 1486 2522 seculorum
1508 2462 1645 2520 decursum

308 2552 586 2626 observationesque
609 2565 719 2628 eornm,
742 2551 792 2626 qui
815 2549 903 2608 futuri
926 2554 1008 2622 snut,
1032 2567 1051 2607 a
1072 2556 1158 2626 gente
1181 2545 1309 2609 hnmana
1333 2548 1446 2610 definiri
1470 2564 1642 2627 nequaquan

308 2645 441 2714 possunt.
486 2637 562 2696 Vide
586 2654 660 2713 quae
689 2630 808 2716 pulchre
832 2638 861 2694 in
889 2636 965 2695 harre
988 2640 1161 2696 sententiam
1196 2645 1407 2698 commentetur
1435 2635 1644 2696 Willebror·

312 2725 380 2784 dus
407 2724 579 2804 Snellius
610 2725 664 2804 suh
694 2724 803 2783 calcem
836 2724 1073 2782 observationum
1101 2722 1278 2800 landgravii
1310 2724 1577 2785 etnonnnllarnm
1596 2721 1644 2799 Τ]-

309 2812 419 2872 chunis.
465 2810 503 2871 Et
524 2811 615 2871 habes
638 2812 712 2870 inira
736 2814 764 2868 in
788 2810 919 2870 doctrina
942 2809 1093 2887 eclipsium
1118 2814 1205 2871 etiam
1229 2830 1264 2872 er
1286 2812 1374 2889 hujus
1398 2813 1538 2891 temporis
1561 2811 1644 2870 obscr-

308 2898 475 2959 vationibus
488 2898 661 2958 documenta
675 2901 838 2977 perspicua,
862 2906 994 2957 motuum
1012 2896 1099 2973 Solis,
1123 2897 1224 2959 Lunae
1239 2906 1277 2961 et
1299 2901 1382 2979 primi
1406 2900 1525 2970 mobilis
1539 2916 1595 2958 non
1615 2893 1642 2954 ad

264 3004 268 3018 l
309 2988 448 3047 amussim
471 2986 706 3045 mathematicam
724 2984 899 3062 aequalium,
923 2983 975 3043 sed
991 2985 1126 3064 physicas
1149 2989 1283 3093 minimas
1305 2988 1487 3047 intensiones
1509 2994 1540 3046 et
1557 2987 1643 3045 remis·

313 3076 411 3135 siones
425 3073 624 3151 recipientium
648 3082 729 3134 extra
752 3071 917 3135 ordinem

396 3160 542 3238 Quicquid
565 3169 662 3220 tamen
683 3160 817 3220 utilitatis
846 3178 882 3219 ex
904 3158 960 3218 hoc
990 3158 1154 3219 tabularum
1178 3177 1265 3238 opere
1291 3160 1329 3220 ad
1350 3159 1503 3221 studiosos
1526 3168 1643 3221 ashono·

311 3252 401 3322 miae,
426 3248 464 3308 ad
486 3247 677 3332 philosophos
701 3250 798 3310 etiam.
812 3254 841 3308 et
862 3246 1015 3323 theologos
1037 3254 1217 3324 praesentes,
1246 3248 1373 3323 futuros,
1408 3247 1542 3322 redierit,
1566 3247 1593 3306 id
1613 3243 1643 3302 ilii

310 3337 494 3396 meminerint
516 3345 608 3395 totum
632 3335 669 3395 ad
691 3345 878 3413 patronorum
907 3350 1036 3393 meorum
1059 3352 1147 3412 supra
1170 3343 1462 3395 commemoratorum
1491 3335 1644 3396 beneficium

313 3441 377 3484 esse
399 3423 591 3483 referendum.
628 3423 740 3499 ‘Itaque
757 3423 905 3482 Austriam
928 3421 1126 3498 familiamque
1143 3421 1318 3500 Principum,
1342 3441 1418 3500 quae
1442 3425 1481 3484 ab
1497 3424 1575 3484 illius
1588 3438 1645 3499 pos·

310 3506 450 3584 sessione,
475 3509 550 3570 unde
574 3527 680 3571 nomen
703 3500 823 3587 originis
836 3509 934 3583 habet,
958 3508 995 3568 ad
1011 3511 1100 3569 totius
1118 3505 1196 3571 orbis
1213 3510 1402 3585 dominatum,
1426 3511 1493 3571 Deo
1509 3524 1646 3570 successus

310 3597 493 3671 moderante,
524 3597 707 3672 conscendit,
740 3596 865 3673 denique
898 3605 956 3656 tres
986 3614 1021 3656 er
1045 3614 1080 3656 ea
1108 3597 1194 3657 domo
1219 3598 1436 3675 augustissima
1460 3598 1647 3677 imperatores,

309 3683 499 3762 Rndolphnm
522 3684 561 3757 11,
595 3687 645 3760 qui
668 3683 837 3763 'l'ychonem
861 3684 1006 3743 Braheum
1031 3688 1163 3761 cffpatria
1186 3684 1283 3744 Dania
1306 3688 1333 3744 in
1354 3684 1545 3770 Geymaniam
1568 3696 1648 3746 nans·

310 3787 443 3847 gressum
466 3773 521 3830 snb
544 3771 758 3831 conditionibus
782 3770 1025 3850 splendidissimis
1053 3779 1082 3830 et
1111 3770 1215 3832 illustri
1239 3774 1349 3849 origine
1384 3772 1482 3850 dignis
1513 3777 1542 3832 in
1566 3771 1648 3833 anlan

254 3916 259 3924 ,
310 3876 396 3929 suam
419 3860 548 3932 vocavit,
573 3861 621 3934 qui
645 3876 691 3918 me
714 3858 757 3918 illi
779 3862 927 3936 superstiti
951 3860 1121 3934 ministrum,
1145 3860 1281 3921 defuncto
1304 3876 1506 3921 successorem
1530 3863 1559 3919 in
1580 3867 1649 3961 purte

304 3949 406 4022 operis
430 3944 517 4017 dedit,
542 3949 592 4021 qui
614 3943 866 4023 Rudolphinarnm
890 3948 1145 4022 nuncupationem,
1170 3965 1187 4008 a
1208 3947 1324 4007 Braheo
1347 3952 1506 4026 superstite
1529 3948 1649 4049 proposi·

298 4040 378 4107 tam,
403 4034 567 4110 acceptavit
589 4040 740 4110 ratamque
755 4033 867 4111 habuit,
890 4035 940 4137 qui
951 4038 993 4092 et
1015 4041 1127 4093 sumtus
1143 4035 1319 4095 editionibus
1333 4035 1459 4095 idoneos
1482 4036 1554 4095 mihi
1576 4038 1648 4094 vivus

310 4120 481 4198 destinavit,
507 4118 610 4180 deinde
635 4120 790 4179 Matthiam
806 4121 834 4194 1,
859 4121 909 4196 qui
933 4138 997 4180 curn
1021 4124 1186 4197 provinciis,
1210 4124 1307 4199 regnis
1329 4126 1513 4200 imperioque
1531 4119 1648 4183 Romano

310 4211 399 4267 etiam
422 4224 521 4267 curam
545 4210 614 4265 artis
638 4214 666 4266 et
688 4210 745 4266 mei
767 4210 961 4286 patrocinium
989 4227 1007 4268 a
1028 4207 1161 4269 Fratre
1154 4227 1182 4268 ιιι
1206 4227 1238 4269 se
1263 4214 1408 4288 suscepit,
1442 4211 1569 4287 denique
1591 4211 1649 4270 Fer·

309 4294 468 4354 dinandum
490 4293 534 4366 ll,
575 4295 761 4371 quipraeter
783 4303 887 4356 cetera
910 4295 1011 4355 eadem
1043 4296 1131 4355 etiam
1156 4297 1316 4357 destinatos
1349 4303 1467 4357 sumtus
1493 4314 1648 4377 repraesen-

307 4386 392 4456 tavit,
415 4397 495 4442 nova
516 4380 692 4442 liberalitate
714 4384 804 4457 auxit,
827 4390 860 4441 nt
882 4384 1001 4443 tabulae
1025 4383 1178 4443 ederentur
1196 4385 1294 4461 jussit,
1318 4402 1420 4446 omncs
1437 4389 1558 4463 inquam
1572 4385 1648 4462 grath

309 4474 337 4527 et
366 4477 399 4538 ut
427 4484 557 4529 meruero
588 4470 707 4529 summis
738 4487 852 4539 mecum
883 4471 989 4532 evehat
1015 4469 1153 4531 laudibus
1183 4475 1296 4549 totique
1326 4472 1403 4534 adeo
1426 4472 1647 4553 Augustimma

307 4554 417 4614 Domui
441 4559 514 4617 hene
536 4564 677 4633 precetur.
1136 4592 1138 4596 ν

385 4725 453 4776 >ut
466 4725 494 4767 ud
508 4725 564 4768 dnos
578 4728 672 4778 insuper
685 4737 767 4776 annos,
789 4728 870 4777 quihus
884 4736 941 4778 npnr
955 4727 1038 4769 dudum
1050 4727 1178 4770 nominem
1191 4728 1314 4772 sditionem
1333 4740 1391 4782 exrp
1393 4732 1489 4783 sctavtt,
1504 4734 1646 4787 quum

308 4780 364 4819 auu
378 4780 519 4821 adunitates
541 4782 621 4830 provin
622 4782 690 4831 ebur,
711 4784 734 4823 in
754 4781 944 4831 qnadomictltum
957 4782 1054 4831 ίιοιιιι,
1078 4783 1248 4825 munntlbuu
1262 4785 1315 4826 hou
1317 4785 1506 4837 letumque·-
1404 4784 1646 4881 quantem

307 4832 373 4871 stium
387 4832 472 4873 bettor
474 4833 591 4882 ηιιιιιοιο,
611 4833 718 4875 malornm
732 4833 814 4880 luade.
838 4846 880 4884 pon
854 4835 929 4875 sumit
943 4812 1068 4876 disturbata
1089 4836 1112 4876 et
1125 4835 1245 4888 profligata
1266 4836 1325 4879 tuit:
1347 4837 1372 4881 ut
1391 4841 1460 4881 novis
1478 4843 1504 4882 et

307 4884 410 4925 οοιιιιιιιι
422 4887 448 4927 οι
459 4886 580 4980 tttourthns
594 4896 622 4928 ca
633 4887 767 4931 mamantis
779 4862 833 4928 malr
846 4887 923 4929 mertt.

878 5039 1081 5059 —fi—
