3609 5767
766 1518 966 1696 suu
1012 1546 1253 1694 tuum
1294 1639 1299 1650 »

866 1800 969 1861 PARS
992 1798 1151 1858 TERTIA.

383 1974 439 2058 nn
465 1975 572 2059 suno
598 1976 653 2058 nr
678 1971 884 2059 cranous
910 1972 1031 2073 uu,
1051 1932 1201 2062 'ortus
1228 1970 1380 2055 uranus
1406 1972 1461 2054 nr
1488 1970 1635 2057 soauu
1682 2055 1686 2063 .

611 2108 612 2112 ¹
649 2094 931 2208 mensuruus
958 2094 1035 2176 ul
1062 2092 1367 2177 naumurum.

421 2396 643 2477 Quotoplioiter
664 2396 833 2457 considerat
860 2402 1054 2455 astronomus
1076 2391 1235 2469 temporo?
1271 2395 1450 2472 Dupliciter,
1475 2395 1522 2455 vel
1548 2416 1584 2458 ex
1607 2397 1689 2457 cirili

332 2478 553 2556 consuetudine,
576 2484 625 2543 vel
648 2487 843 2544 astronomica
865 2481 1048 2542 certitudine.
1174 2539 1176 2542 ,

423 2569 580 2647 Quomodo
602 2571 706 2649 definis
726 2588 848 2631 annum
871 2572 987 2630 ciuilem
1016 2587 1069 2629 reu
1088 2569 1274 2644 politicum?
1306 2569 1359 2627 Est
1388 2574 1516 2648 spatium
1547 2576 1689 2650 temporis

332 2674 386 2716 seu
410 2666 505 2717 certus
529 2657 641 2719 dierum
664 2662 840 2734 integrorum
862 2673 1015 2729 numerus,
1047 2656 1084 2715 ad
1108 2673 1194 2731 quem
1218 2662 1315 2714 motus
1338 2656 1417 2716 Solis
1442 2658 1489 2718 rel
1512 2647 1617 2721 bonae
1640 2660 1690 2720 rel

333 2743 437 2805 sideris
469 2746 621 2823 utriusque
650 2745 920 2823 digitumintendit
942 2747 1070 2817 eminus,
1102 2742 1236 2821 populari
1267 2744 1411 2819 cujusque
1432 2748 1529 2821 gantis
1553 2750 1688 2807 instituto

333 2840 476 2909 receptus.

422 2921 509 2998 Quos
530 2922 625 2980 ovilis
647 2924 726 2980 anni
745 2922 850 2998 formo
871 2937 909 2980 es
930 2919 1070 2979 omnibus
1092 2925 1134 2978 est
1155 2920 1375 2977 astronomicae
1403 2919 1593 2997 auripltnot·
1605 2942 1688 2983 corn·

333 3007 533 3067 notissimo?
554 3006 657 3067 Annus
679 3008 819 3067 Julianus
842 3006 1007 3066 Calendaril
1031 3008 1151 3080 veteris,
1182 3012 1319 3064 constans
1343 3005 1446 3066 diebus
1470 3009 1533 3066 365
1557 3018 1588 3068 et
1609 3009 1688 3086 adji-

334 3097 413 3155 ciens
429 3097 472 3153 «iux
489 3104 615 3171 quatuor
637 3098 721 3155 aunis
744 3094 820 3154 diem
844 3111 949 3167 unum,
973 3103 1005 3152 ut
1028 3103 1094 3170 post
1117 3101 1175 3152 tres
1198 3090 1346 3167 simplices
1369 3087 1490 3168 quartus
1513 3098 1553 3153 sit
1575 3096 1686 3156 dierum

336 3183 408 3242 366.
452 3182 536 3243 Haec
559 3186 634 3242 enim
657 3200 794 3242 uronsura
816 3181 914 3241 media
939 3189 984 3241 est
1007 3183 1081 3240 inter
1103 3197 1196 3239 annos
1216 3183 1438 3252 astronomicos,
1461 3184 1535 3242 baec
1558 3187 1686 3243 omnium

335 3272 465 3346 gentium
488 3269 592 3341 saltem
621 3273 712 3347 tacita
742 3277 906 3346 temporum
938 3270 1141 3328 annumeratio
1164 3267 1236 3339 tuit,
1266 3267 1339 3326 baec
1369 3286 1543 3344 penesnos
1575 3270 1687 3331 indes

338 3357 514 3417 Caesaribus
540 3358 745 3417 observatione
763 3359 901 3416 continua
924 3358 1044 3415 tritaet
1067 3354 1161 3429 culta;
1185 3353 1222 3412 ad
1245 3354 1321 3413 lianc
1344 3358 1412 3414 anni
1436 3356 1557 3416 sormam
1579 3361 1687 3419 identi-

335 3442 400 3502 dem
431 3444 633 3503 recurrendum
658 3454 702 3505 est
724 3451 909 3517 astronomo,
941 3460 1146 3521 quamcunque
1168 3441 1258 3500 aliam
1280 3440 1349 3500 stilo
1371 3443 1483 3519 patriae
1505 3462 1578 3505 suaa
1593 3448 1686 3523 magis

336 3530 508 3591 familiarem
530 3532 586 3590 sub
609 3549 711 3591 manus
734 3533 878 3591 sumserit.
902 3553 907 3557 ·
1173 3573 1177 3578 .

423 3617 580 3696 Quomodo
603 3619 751 3695 deliniunt
772 3636 893 3679 annum
917 3617 1104 3677 astronomi?
1128 3618 1230 3675 nnnrn
1246 3614 1305 3673 illis
1328 3624 1373 3675 cst
1387 3620 1515 3693 spatium
1536 3623 1685 3696 temporis,

333 3704 409 3762 intra
433 3704 511 3782 quod
527 3704 578 3765 Sol
593 3707 766 3767 curriculum
789 3723 874 3766 suum
897 3706 927 3762 in
945 3704 1027 3765 coelo
1051 3703 1166 3763 ridetur
1188 3702 1352 3776 absolvere,
1376 3704 1455 3779 quod
1477 3707 1578 3777 edicit,
1602 3711 1685 3767 ut-in

272 3803 275 3814 ¹
334 3790 471 3851 theoricis
495 3791 614 3866 dicetur,
638 3798 775 3854 circuitus
799 3796 889 3854 centri
912 3791 1038 3851 Telluris
1061 3794 1138 3851 circa
1161 3789 1260 3850 Solem
1284 3808 1350 3851 vere
1373 3793 1563 3853 immobilem.

421 3878 592 3956 Quocnptrs
614 3889 656 3940 cst
677 3899 780 3941 annus
800 3899 890 3957 penos
913 3879 1121 3940 astronomos?
1149 3877 1275 3953 Duplex,
1300 3896 1351 3955 pro
1384 3879 1549 3955 duplicibus
1581 3881 1686 3942 solaris

334 3964 524 4025 revolutionis
546 3970 640 4040 metis,
664 3967 794 4028 sidereos
817 3977 846 4028 et
869 3968 998 4044 tropicus
1020 3985 1072 4027 seu
1096 3974 1220 4026 vertens.

422 4052 508 4130 Quae
537 4062 608 4114 sunt
638 4058 717 4114 anni
743 4056 850 4115 cidari
875 4054 998 4113 metae?
1027 4054 1172 4112 Punctum
1196 4050 1365 4127 eclipticam,
1398 4055 1426 4110 in
1457 4054 1537 4128 qtrod
1561 4057 1687 4117 circulus

335 4155 458 4214 magnus
481 4158 516 4199 cx
539 4142 608 4216 polo
631 4141 783 4218 eclipticas
805 4159 857 4219 per
879 4150 987 4200 cerum
1002 4140 1117 4201 atellam
1139 4140 1227 4199 fixam
1241 4143 1431 4216 propositam,
1456 4149 1488 4200 ut
1510 4160 1565 4217 per
1579 4142 1687 4204 Sirium

334 4226 383 4285 rel
404 4245 456 4303 per
479 4243 566 4286 cornu
587 4230 695 4288 Arietis
719 4236 784 4303 stc,
809 4228 968 4289 descendit.

422 4314 481 4373 Dic
502 4318 581 4373 anni
608 4319 749 4376 vementis
771 4325 873 4375 metas.
920 4315 980 4377 Eas
1002 4323 1070 4374 sunt
1093 4313 1246 4392 eclipticas
1268 4322 1393 4391 puncta,
1424 4318 1453 4372 in
1477 4317 1586 4391 quibus
1609 4330 1710 4380 secat.

266 4391 278 4403 ’
335 4399 416 4462 lllem
439 4403 663 4478 aequinoctialis
683 4412 735 4463 aut
757 4403 920 4463 colonorum
943 4403 1025 4474 alter,
1049 4420 1106 4462 uno
1129 4405 1245 4462 nomina
1268 4411 1378 4478 puncta
1400 4402 1571 4465 cardinalia.

426 4490 512 4567 Quae
533 4493 728 4568 onnispecics
750 4492 884 4567 adquae
906 4500 1008 4566 portes
1021 4490 1114 4566 hujus
1135 4490 1291 4550 doctrinae
1305 4490 1460 4566 spectant?
1482 4491 1528 4550 Do
1553 4494 1711 4553 civilibus:

259 4626 261 4632 .
336 4578 422 4640 annis
444 4575 600 4659 peculiaria
622 4586 667 4637 est
689 4578 852 4654 disciplina,
876 4595 931 4638 nec
952 4586 1050 4654 potest
1073 4577 1109 4637 de
1132 4579 1167 4637 iis
1190 4579 1220 4636 in
1243 4580 1411 4638 universum
1434 4580 1491 4653 agi,
1515 4582 1711 4657 priusquam

336 4680 371 4723 ex
396 4663 527 4725 doctrina
556 4664 686 4726 theorica
715 4674 811 4724 motos
835 4665 912 4725 Solis
945 4674 973 4725 et
1002 4668 1156 4742 praecipue
1180 4665 1282 4724 Lunae
1311 4666 1417 4725 tuerint
1447 4665 1596 4743 explicati.
1645 4669 1711 4728 De:

296 4813 303 4822 ,
335 4766 414 4810 antro
435 4752 549 4814 sidereo
576 4755 681 4813 rectius
710 4761 813 4830 agetur
836 4751 937 4811 ultima
959 4762 1041 4829 parte
1065 4753 1152 4829 hujus
1180 4752 1247 4811 libri
1271 4754 1365 4826 tertii,
1397 4769 1567 4829 quanquam
1599 4758 1711 4815 etiamn

335 4834 424 4913 hujus
446 4840 573 4916 perfecta
596 4842 724 4917 cognitio
755 4857 791 4899 ex
814 4838 944 4900 doctrina
967 4840 1097 4902 theorica
1125 4840 1253 4918 petenda
1274 4847 1327 4900 est.
1371 4838 1476 4900 Restat
1498 4842 1588 4921 igitur
1620 4844 1711 4905 bule:

335 4927 411 5012 parti
433 4930 536 5001 tertiae
557 4945 652 4989 annus
674 4929 804 5007 tropicus
826 4944 879 4991 seu
901 4934 1026 4991 vertens.
