<?xml version="1.0" encoding="UTF-8"?>
<!DOCTYPE html PUBLIC "-//W3C//DTD XHTML 1.0 Transitional//EN"
    "http://www.w3.org/TR/xhtml1/DTD/xhtml1-transitional.dtd">
<html xmlns="http://www.w3.org/1999/xhtml" xml:lang="en" lang="en">
 <head>
  <title>
</title>
<meta http-equiv="Content-Type" content="text/html;charset=utf-8" />
  <meta name='ocr-system' content='tesseract 3.04.00' />
  <meta name='ocr-capabilities' content='ocr_page ocr_carea ocr_par ocr_line ocrx_word'/>
</head>
<body>
  <div class='ocr_page' id='page_1' title='image "./joanniskepleria11frisgoog_0402.png"; bbox 0 0 3609 5767; ppageno 0'>
   <div class='ocr_carea' id='block_1_1' title="bbox 194 449 1055 557">
    <p class='ocr_par' dir='ltr' id='par_1_1' title="bbox 194 449 1055 557">
     <span class='ocr_line' id='line_1_1' title="bbox 194 449 1055 557; baseline 0.002 -15"><span class='ocrx_word' id='word_1_1' title='bbox 194 475 269 551; x_wconf 57' lang='lat' dir='ltr'>&#39;est</span> <span class='ocrx_word' id='word_1_2' title='bbox 347 451 375 468; x_wconf 7' lang='grc' dir='ltr'>ι’</span> <span class='ocrx_word' id='word_1_3' title='bbox 620 449 626 460; x_wconf 21' lang='grc' dir='ltr'>ἱ</span> <span class='ocrx_word' id='word_1_4' title='bbox 705 485 846 557; x_wconf 77' lang='lat' dir='ltr'>Epitomes</span> <span class='ocrx_word' id='word_1_5' title='bbox 863 486 1055 544; x_wconf 78' lang='lat' dir='ltr'>nsuononiac</span> 
     </span>
    </p>
   </div>
   <div class='ocr_carea' id='block_1_2' title="bbox 204 664 1665 2228">
    <p class='ocr_par' dir='ltr' id='par_1_2' title="bbox 204 664 1665 2228">
     <span class='ocr_line' id='line_1_2' title="bbox 205 664 1555 743; baseline -0.002 -16"><span class='ocrx_word' id='word_1_6' title='bbox 205 666 252 727; x_wconf 83' lang='lat' dir='ltr'>sn</span> <span class='ocrx_word' id='word_1_7' title='bbox 272 667 360 728; x_wconf 82' lang='lat' dir='ltr'>etiem</span> <span class='ocrx_word' id='word_1_8' title='bbox 382 671 480 725; x_wconf 86' lang='lat' dir='ltr'>motus</span> <span class='ocrx_word' id='word_1_9' title='bbox 501 667 610 743; x_wconf 89' lang='lat' dir='ltr'>speciei</span> <span class='ocrx_word' id='word_1_10' title='bbox 632 664 744 726; x_wconf 86' lang='lat' dir='ltr'>Solerls</span> <span class='ocrx_word' id='word_1_11' title='bbox 766 666 860 727; x_wconf 87' lang='lat' dir='ltr'>veluti</span> <span class='ocrx_word' id='word_1_12' title='bbox 883 665 1011 725; x_wconf 82' lang='lat' dir='ltr'>fluminis</span> <span class='ocrx_word' id='word_1_13' title='bbox 1032 673 1086 725; x_wconf 85' lang='lat' dir='ltr'>aet</span> <span class='ocrx_word' id='word_1_14' title='bbox 1106 667 1189 726; x_wconf 85' lang='lat' dir='ltr'>renti</span> <span class='ocrx_word' id='word_1_15' title='bbox 1210 664 1374 742; x_wconf 84' lang='lat' dir='ltr'>cujusdam,</span> <span class='ocrx_word' id='word_1_16' title='bbox 1396 664 1474 726; x_wconf 75' lang='lat' dir='ltr'>exli</span> <span class='ocrx_word' id='word_1_17' title='bbox 1490 680 1555 724; x_wconf 83' lang='lat' dir='ltr'>ser·</span> 
     </span>
     <span class='ocr_line' id='line_1_3' title="bbox 207 752 431 828; baseline -0.009 -15"><span class='ocrx_word' id='word_1_18' title='bbox 207 752 431 828; x_wconf 62' lang='lat' dir='ltr'>mRQR</span> 
     </span>
     <span class='ocr_line' id='line_1_4' title="bbox 222 838 1557 915; baseline -0.001 -14"><span class='ocrx_word' id='word_1_19' title='bbox 222 868 226 881; x_wconf 91' lang='lat'><strong>·</strong></span> <span class='ocrx_word' id='word_1_20' title='bbox 292 840 367 901; x_wconf 79' lang='lat' dir='ltr'>Cum</span> <span class='ocrx_word' id='word_1_21' title='bbox 388 841 478 915; x_wconf 77' lang='lat' dir='ltr'>igitur</span> <span class='ocrx_word' id='word_1_22' title='bbox 499 839 547 899; x_wconf 88' lang='lat' dir='ltr'>hic</span> <span class='ocrx_word' id='word_1_23' title='bbox 568 848 665 901; x_wconf 85' lang='lat' dir='ltr'>motus</span> <span class='ocrx_word' id='word_1_24' title='bbox 695 842 724 899; x_wconf 93' lang='lat' dir='ltr'>iu</span> <span class='ocrx_word' id='word_1_25' title='bbox 745 840 771 899; x_wconf 84' lang='lat' dir='ltr'><strong>E</strong></span> <span class='ocrx_word' id='word_1_26' title='bbox 793 843 832 900; x_wconf 87' lang='lat' dir='ltr'>sit</span> <span class='ocrx_word' id='word_1_27' title='bbox 853 842 1021 899; x_wconf 75' lang='lat' dir='ltr'>incursurus</span> <span class='ocrx_word' id='word_1_28' title='bbox 1053 842 1082 898; x_wconf 92' lang='lat' dir='ltr'>iu</span> <span class='ocrx_word' id='word_1_29' title='bbox 1113 838 1267 901; x_wconf 80' lang='lat' dir='ltr'>adversam</span> <span class='ocrx_word' id='word_1_30' title='bbox 1294 840 1386 900; x_wconf 83' lang='lat' dir='ltr'>librae</span> <span class='ocrx_word' id='word_1_31' title='bbox 1414 838 1557 900; x_wconf 87' lang='lat' dir='ltr'>medieta-</span> 
     </span>
     <span class='ocr_line' id='line_1_5' title="bbox 206 927 1557 1011; baseline -0.001 -23"><span class='ocrx_word' id='word_1_32' title='bbox 206 928 502 1002; x_wconf 72' lang='lat' dir='ltr'>lundunensem,</span> <span class='ocrx_word' id='word_1_33' title='bbox 533 930 563 986; x_wconf 92' lang='lat' dir='ltr'>in</span> <span class='ocrx_word' id='word_1_34' title='bbox 587 927 610 987; x_wconf 82' lang='lat' dir='ltr'>O</span> <span class='ocrx_word' id='word_1_35' title='bbox 632 946 702 988; x_wconf 85' lang='lat' dir='ltr'>vcro</span> <span class='ocrx_word' id='word_1_36' title='bbox 733 928 866 1011; x_wconf 82' lang='lat' dir='ltr'>similiter</span> <span class='ocrx_word' id='word_1_37' title='bbox 888 927 1056 987; x_wconf 75' lang='lat' dir='ltr'>incursurus</span> <span class='ocrx_word' id='word_1_38' title='bbox 1078 930 1108 987; x_wconf 91' lang='lat' dir='ltr'>iu</span> <span class='ocrx_word' id='word_1_39' title='bbox 1131 928 1284 988; x_wconf 83' lang='lat' dir='ltr'>adversam</span> <span class='ocrx_word' id='word_1_40' title='bbox 1308 927 1359 988; x_wconf 77' lang='lat' dir='ltr'>Bc</span> <span class='ocrx_word' id='word_1_41' title='bbox 1386 936 1557 996; x_wconf 70' lang='lat' dir='ltr'>muntem,</span> 
     </span>
     <span class='ocr_line' id='line_1_6' title="bbox 205 1014 1558 1093; baseline 0 -18"><span class='ocrx_word' id='word_1_42' title='bbox 205 1034 282 1093; x_wconf 85' lang='lat' dir='ltr'>queo</span> <span class='ocrx_word' id='word_1_43' title='bbox 304 1017 359 1093; x_wconf 86' lang='lat' dir='ltr'>ipsi</span> <span class='ocrx_word' id='word_1_44' title='bbox 384 1015 434 1074; x_wconf 79' lang='lat' dir='ltr'>AG</span> <span class='ocrx_word' id='word_1_45' title='bbox 457 1022 503 1074; x_wconf 87' lang='lat' dir='ltr'>eat</span> <span class='ocrx_word' id='word_1_46' title='bbox 524 1018 675 1091; x_wconf 89' lang='lat' dir='ltr'>opposite:</span> <span class='ocrx_word' id='word_1_47' title='bbox 698 1015 821 1092; x_wconf 91' lang='lat' dir='ltr'>proinde</span> <span class='ocrx_word' id='word_1_48' title='bbox 842 1019 872 1074; x_wconf 89' lang='lat' dir='ltr'>iu</span> <span class='ocrx_word' id='word_1_49' title='bbox 896 1014 920 1073; x_wconf 84' lang='lat' dir='ltr'><strong>E</strong></span> <span class='ocrx_word' id='word_1_50' title='bbox 943 1014 1061 1091; x_wconf 90' lang='lat' dir='ltr'>quidem</span> <span class='ocrx_word' id='word_1_51' title='bbox 1082 1016 1231 1092; x_wconf 77' lang='lat' dir='ltr'><strong>planetam</strong></span> <span class='ocrx_word' id='word_1_52' title='bbox 1254 1033 1370 1075; x_wconf 88' lang='lat' dir='ltr'>sursum</span> <span class='ocrx_word' id='word_1_53' title='bbox 1391 1014 1519 1092; x_wconf 85' lang='lat' dir='ltr'>expellet</span> <span class='ocrx_word' id='word_1_54' title='bbox 1539 1034 1558 1075; x_wconf 92' lang='lat' dir='ltr'>e</span> 
     </span>
     <span class='ocr_line' id='line_1_7' title="bbox 204 1102 1557 1181; baseline 0.001 -20"><span class='ocrx_word' id='word_1_55' title='bbox 204 1120 326 1181; x_wconf 83' lang='lat' dir='ltr'>papyro,</span> <span class='ocrx_word' id='word_1_56' title='bbox 350 1119 488 1179; x_wconf 84' lang='lat' dir='ltr'>quorsum</span> <span class='ocrx_word' id='word_1_57' title='bbox 510 1102 603 1163; x_wconf 88' lang='lat' dir='ltr'>tendit</span> <span class='ocrx_word' id='word_1_58' title='bbox 626 1102 802 1164; x_wconf 90' lang='lat' dir='ltr'>eutecedcus</span> <span class='ocrx_word' id='word_1_59' title='bbox 824 1105 963 1163; x_wconf 81' lang='lat' dir='ltr'>terminus</span> <span class='ocrx_word' id='word_1_60' title='bbox 986 1103 1026 1175; x_wconf 91' lang='lat' dir='ltr'>B,</span> <span class='ocrx_word' id='word_1_61' title='bbox 1048 1106 1079 1161; x_wconf 91' lang='lat' dir='ltr'>in</span> <span class='ocrx_word' id='word_1_62' title='bbox 1103 1103 1126 1163; x_wconf 85' lang='lat' dir='ltr'>C</span> <span class='ocrx_word' id='word_1_63' title='bbox 1150 1119 1221 1163; x_wconf 87' lang='lat' dir='ltr'>rcro</span> <span class='ocrx_word' id='word_1_64' title='bbox 1243 1102 1389 1177; x_wconf 84' lang='lat' dir='ltr'>deorsum,</span> <span class='ocrx_word' id='word_1_65' title='bbox 1413 1103 1489 1162; x_wconf 88' lang='lat' dir='ltr'>intre</span> <span class='ocrx_word' id='word_1_66' title='bbox 1502 1119 1557 1179; x_wconf 80' lang='lat' dir='ltr'>pa·</span> 
     </span>
     <span class='ocr_line' id='line_1_8' title="bbox 206 1188 1558 1268; baseline 0 -19"><span class='ocrx_word' id='word_1_67' title='bbox 206 1207 351 1268; x_wconf 84' lang='lat' dir='ltr'>papyrum</span> <span class='ocrx_word' id='word_1_68' title='bbox 372 1189 476 1267; x_wconf 89' lang='lat' dir='ltr'>pellet,</span> <span class='ocrx_word' id='word_1_69' title='bbox 491 1207 639 1265; x_wconf 78' lang='lat' dir='ltr'>,quorsum</span> <span class='ocrx_word' id='word_1_70' title='bbox 661 1190 755 1250; x_wconf 88' lang='lat' dir='ltr'>tendit</span> <span class='ocrx_word' id='word_1_71' title='bbox 779 1192 804 1249; x_wconf 79' lang='lat' dir='ltr'>A</span> <span class='ocrx_word' id='word_1_72' title='bbox 827 1192 969 1252; x_wconf 85' lang='lat' dir='ltr'>terminus</span> <span class='ocrx_word' id='word_1_73' title='bbox 991 1189 1043 1249; x_wconf 90' lang='lat' dir='ltr'>illo</span> <span class='ocrx_word' id='word_1_74' title='bbox 1065 1188 1131 1252; x_wconf 91' lang='lat' dir='ltr'>loco</span> <span class='ocrx_word' id='word_1_75' title='bbox 1154 1191 1340 1251; x_wconf 84' lang='lat' dir='ltr'>antecedens.</span> <span class='ocrx_word' id='word_1_76' title='bbox 1385 1190 1420 1249; x_wconf 94' lang='lat' dir='ltr'>Iu</span> <span class='ocrx_word' id='word_1_77' title='bbox 1443 1198 1558 1250; x_wconf 91' lang='lat' dir='ltr'>temone</span> 
     </span>
     <span class='ocr_line' id='line_1_9' title="bbox 205 1274 1556 1355; baseline 0.001 -19"><span class='ocrx_word' id='word_1_78' title='bbox 205 1277 237 1342; x_wconf 86' lang='lat' dir='ltr'>tlt</span> <span class='ocrx_word' id='word_1_79' title='bbox 260 1280 443 1351; x_wconf 85' lang='lat' dir='ltr'>contrarium,</span> <span class='ocrx_word' id='word_1_80' title='bbox 467 1279 537 1354; x_wconf 89' lang='lat' dir='ltr'>quie</span> <span class='ocrx_word' id='word_1_81' title='bbox 559 1279 585 1336; x_wconf 87' lang='lat' dir='ltr'>is</span> <span class='ocrx_word' id='word_1_82' title='bbox 607 1276 731 1337; x_wconf 90' lang='lat' dir='ltr'>truditur</span> <span class='ocrx_word' id='word_1_83' title='bbox 753 1294 771 1335; x_wconf 91' lang='lat' dir='ltr'>a</span> <span class='ocrx_word' id='word_1_84' title='bbox 793 1278 824 1336; x_wconf 83' lang='lat' dir='ltr'>vl</span> <span class='ocrx_word' id='word_1_85' title='bbox 846 1278 988 1350; x_wconf 86' lang='lat' dir='ltr'>fluminis,</span> <span class='ocrx_word' id='word_1_86' title='bbox 1010 1294 1069 1337; x_wconf 91' lang='lat' dir='ltr'>uon</span> <span class='ocrx_word' id='word_1_87' title='bbox 1089 1274 1189 1355; x_wconf 83' lang='lat' dir='ltr'>¹egitur</span> <span class='ocrx_word' id='word_1_88' title='bbox 1213 1280 1251 1337; x_wconf 86' lang='lat' dir='ltr'>ab</span> <span class='ocrx_word' id='word_1_89' title='bbox 1275 1281 1363 1339; x_wconf 88' lang='lat' dir='ltr'>insite</span> <span class='ocrx_word' id='word_1_90' title='bbox 1383 1277 1556 1355; x_wconf 85' lang='lat' dir='ltr'>aptitudine</span> 
     </span>
     <span class='ocr_line' id='line_1_10' title="bbox 205 1363 1559 1446; baseline 0 -21"><span class='ocrx_word' id='word_1_91' title='bbox 205 1365 280 1426; x_wconf 82' lang='lat' dir='ltr'>Cum</span> <span class='ocrx_word' id='word_1_92' title='bbox 312 1372 408 1425; x_wconf 87' lang='lat' dir='ltr'>autem</span> <span class='ocrx_word' id='word_1_93' title='bbox 438 1366 553 1446; x_wconf 87' lang='lat' dir='ltr'>interim</span> <span class='ocrx_word' id='word_1_94' title='bbox 579 1363 654 1425; x_wconf 83' lang='lat' dir='ltr'>fibra</span> <span class='ocrx_word' id='word_1_95' title='bbox 677 1365 731 1424; x_wconf 81' lang='grc' dir='ltr'>ΑΒ</span> <span class='ocrx_word' id='word_1_96' title='bbox 754 1365 872 1425; x_wconf 80' lang='lat' dir='ltr'>maneat</span> <span class='ocrx_word' id='word_1_97' title='bbox 899 1367 928 1423; x_wconf 93' lang='lat' dir='ltr'>iu</span> <span class='ocrx_word' id='word_1_98' title='bbox 958 1366 1016 1423; x_wconf 90' lang='lat' dir='ltr'>situ</span> <span class='ocrx_word' id='word_1_99' title='bbox 1048 1366 1105 1424; x_wconf 85' lang='lat' dir='ltr'>eibi</span> <span class='ocrx_word' id='word_1_100' title='bbox 1130 1368 1186 1442; x_wconf 91' lang='lat' dir='ltr'>ipsi</span> <span class='ocrx_word' id='word_1_101' title='bbox 1207 1365 1348 1442; x_wconf 81' lang='lat' dir='ltr'>parallelo</span> <span class='ocrx_word' id='word_1_102' title='bbox 1369 1382 1424 1441; x_wconf 91' lang='lat' dir='ltr'>per</span> <span class='ocrx_word' id='word_1_103' title='bbox 1445 1380 1559 1425; x_wconf 87' lang='lat' dir='ltr'>omnem</span> 
     </span>
     <span class='ocr_line' id='line_1_11' title="bbox 204 1451 1557 1528; baseline 0.001 -16"><span class='ocrx_word' id='word_1_104' title='bbox 204 1453 361 1525; x_wconf 86' lang='lat' dir='ltr'>ambitum,</span> <span class='ocrx_word' id='word_1_105' title='bbox 391 1451 460 1512; x_wconf 88' lang='lat' dir='ltr'>hinc</span> <span class='ocrx_word' id='word_1_106' title='bbox 482 1451 529 1526; x_wconf 88' lang='lat' dir='ltr'>fit,</span> <span class='ocrx_word' id='word_1_107' title='bbox 558 1460 591 1510; x_wconf 91' lang='lat' dir='ltr'>ut</span> <span class='ocrx_word' id='word_1_108' title='bbox 617 1454 645 1509; x_wconf 93' lang='lat' dir='ltr'>in</span> <span class='ocrx_word' id='word_1_109' title='bbox 670 1452 694 1511; x_wconf 84' lang='lat' dir='ltr'><strong>F</strong></span> <span class='ocrx_word' id='word_1_110' title='bbox 716 1453 911 1512; x_wconf 88' lang='lat' dir='ltr'>borealissimi</span> <span class='ocrx_word' id='word_1_111' title='bbox 939 1451 1089 1528; x_wconf 88' lang='lat' dir='ltr'>planetae,</span> <span class='ocrx_word' id='word_1_112' title='bbox 1120 1461 1150 1513; x_wconf 93' lang='lat' dir='ltr'>et</span> <span class='ocrx_word' id='word_1_113' title='bbox 1179 1456 1207 1511; x_wconf 91' lang='lat' dir='ltr'>iu</span> <span class='ocrx_word' id='word_1_114' title='bbox 1231 1453 1259 1511; x_wconf 88' lang='lat' dir='ltr'><strong>D</strong></span> <span class='ocrx_word' id='word_1_115' title='bbox 1281 1455 1368 1514; x_wconf 89' lang='lat' dir='ltr'>mersi</span> <span class='ocrx_word' id='word_1_116' title='bbox 1391 1462 1422 1512; x_wconf 89' lang='lat' dir='ltr'>et</span> <span class='ocrx_word' id='word_1_117' title='bbox 1443 1460 1557 1514; x_wconf 84' lang='lat' dir='ltr'>sustra-</span> 
     </span>
     <span class='ocr_line' id='line_1_12' title="bbox 207 1538 1558 1618; baseline -0.001 -19"><span class='ocrx_word' id='word_1_118' title='bbox 207 1541 325 1611; x_wconf 88' lang='lat' dir='ltr'>lisslmi,</span> <span class='ocrx_word' id='word_1_119' title='bbox 355 1546 457 1600; x_wconf 90' lang='lat' dir='ltr'>neuter</span> <span class='ocrx_word' id='word_1_120' title='bbox 479 1541 620 1599; x_wconf 89' lang='lat' dir='ltr'>terminus</span> <span class='ocrx_word' id='word_1_121' title='bbox 643 1557 697 1599; x_wconf 88' lang='lat' dir='ltr'>neo</span> <span class='ocrx_word' id='word_1_122' title='bbox 721 1542 747 1599; x_wconf 82' lang='grc' dir='ltr'><strong>Α</strong></span> <span class='ocrx_word' id='word_1_123' title='bbox 770 1557 824 1599; x_wconf 91' lang='lat' dir='ltr'>uec</span> <span class='ocrx_word' id='word_1_124' title='bbox 846 1540 872 1599; x_wconf 91' lang='lat' dir='ltr'><strong>B</strong></span> <span class='ocrx_word' id='word_1_125' title='bbox 895 1538 1060 1612; x_wconf 85' lang='lat' dir='ltr'>antecedat,</span> <span class='ocrx_word' id='word_1_126' title='bbox 1083 1539 1135 1599; x_wconf 90' lang='lat' dir='ltr'>sed</span> <span class='ocrx_word' id='word_1_127' title='bbox 1158 1540 1232 1600; x_wconf 88' lang='lat' dir='ltr'>libra</span> <span class='ocrx_word' id='word_1_128' title='bbox 1256 1540 1309 1601; x_wconf 80' lang='lat' dir='ltr'>AB</span> <span class='ocrx_word' id='word_1_129' title='bbox 1332 1540 1468 1600; x_wconf 85' lang='lat' dir='ltr'>velutin</span> <span class='ocrx_word' id='word_1_130' title='bbox 1489 1557 1558 1618; x_wconf 90' lang='lat' dir='ltr'>pro·</span> 
     </span>
     <span class='ocr_line' id='line_1_13' title="bbox 204 1625 1637 1704; baseline 0 -18"><span class='ocrx_word' id='word_1_131' title='bbox 204 1626 326 1691; x_wconf 80' lang='lat' dir='ltr'>leudem</span> <span class='ocrx_word' id='word_1_132' title='bbox 347 1626 436 1702; x_wconf 84' lang='lat' dir='ltr'>hujus</span> <span class='ocrx_word' id='word_1_133' title='bbox 458 1626 601 1701; x_wconf 87' lang='lat' dir='ltr'>fluminis,</span> <span class='ocrx_word' id='word_1_134' title='bbox 629 1627 660 1685; x_wconf 92' lang='lat' dir='ltr'>ld</span> <span class='ocrx_word' id='word_1_135' title='bbox 683 1635 728 1687; x_wconf 89' lang='lat' dir='ltr'>cst</span> <span class='ocrx_word' id='word_1_136' title='bbox 750 1643 852 1686; x_wconf 81' lang='lat' dir='ltr'>versus</span> <span class='ocrx_word' id='word_1_137' title='bbox 875 1625 974 1687; x_wconf 91' lang='lat' dir='ltr'>Solem</span> <span class='ocrx_word' id='word_1_138' title='bbox 996 1637 1130 1703; x_wconf 87' lang='lat' dir='ltr'>porrecte</span> <span class='ocrx_word' id='word_1_139' title='bbox 1152 1636 1181 1687; x_wconf 88' lang='lat' dir='ltr'>et</span> <span class='ocrx_word' id='word_1_140' title='bbox 1201 1631 1342 1704; x_wconf 89' lang='lat' dir='ltr'>impetum</span> <span class='ocrx_word' id='word_1_141' title='bbox 1365 1628 1457 1689; x_wconf 91' lang='lat' dir='ltr'>letere</span> <span class='ocrx_word' id='word_1_142' title='bbox 1478 1634 1637 1687; x_wconf 76' lang='lat' dir='ltr'>muts-.-</span> 
     </span>
     <span class='ocr_line' id='line_1_14' title="bbox 206 1714 1639 1792; baseline 0.001 -19"><span class='ocrx_word' id='word_1_143' title='bbox 206 1715 324 1791; x_wconf 85' lang='lat' dir='ltr'>objecto</span> <span class='ocrx_word' id='word_1_144' title='bbox 339 1717 497 1791; x_wconf 77' lang='lat' dir='ltr'>excipiens,</span> <span class='ocrx_word' id='word_1_145' title='bbox 521 1730 641 1776; x_wconf 83' lang='lat' dir='ltr'>causam</span> <span class='ocrx_word' id='word_1_146' title='bbox 655 1714 766 1775; x_wconf 90' lang='lat' dir='ltr'>nullam</span> <span class='ocrx_word' id='word_1_147' title='bbox 777 1715 918 1790; x_wconf 79' lang='lat' dir='ltr'>praebeat</span> <span class='ocrx_word' id='word_1_148' title='bbox 933 1714 1085 1790; x_wconf 77' lang='lat' dir='ltr'>ejectionis</span> <span class='ocrx_word' id='word_1_149' title='bbox 1109 1714 1254 1775; x_wconf 76' lang='lat' dir='ltr'>ulterioris</span> <span class='ocrx_word' id='word_1_150' title='bbox 1269 1720 1298 1773; x_wconf 95' lang='lat' dir='ltr'>in</span> <span class='ocrx_word' id='word_1_151' title='bbox 1323 1715 1413 1792; x_wconf 74' lang='lat' dir='ltr'>mlum</span> <span class='ocrx_word' id='word_1_152' title='bbox 1427 1715 1557 1791; x_wconf 72' lang='lat' dir='ltr'>plagam,</span> <span class='ocrx_word' id='word_1_153' title='bbox 1590 1753 1639 1775; x_wconf 76' lang='lat'>-</span> 
     </span>
     <span class='ocr_line' id='line_1_15' title="bbox 207 1801 1640 1879; baseline -0.001 -19"><span class='ocrx_word' id='word_1_154' title='bbox 207 1801 304 1879; x_wconf 86' lang='lat' dir='ltr'>quoad</span> <span class='ocrx_word' id='word_1_155' title='bbox 336 1802 364 1859; x_wconf 91' lang='lat' dir='ltr'>iu</span> <span class='ocrx_word' id='word_1_156' title='bbox 395 1802 440 1860; x_wconf 88' lang='lat' dir='ltr'>his</span> <span class='ocrx_word' id='word_1_157' title='bbox 469 1804 585 1878; x_wconf 88' lang='lat' dir='ltr'>punctis</span> <span class='ocrx_word' id='word_1_158' title='bbox 607 1804 783 1878; x_wconf 81' lang='lat' dir='ltr'>permutatio</span> <span class='ocrx_word' id='word_1_159' title='bbox 810 1802 878 1876; x_wconf 82' lang='lat' dir='ltr'>liet3</span> <span class='ocrx_word' id='word_1_160' title='bbox 910 1811 942 1861; x_wconf 93' lang='lat' dir='ltr'>ut</span> <span class='ocrx_word' id='word_1_161' title='bbox 970 1819 1036 1862; x_wconf 89' lang='lat' dir='ltr'>cum</span> <span class='ocrx_word' id='word_1_162' title='bbox 1066 1810 1135 1864; x_wconf 88' lang='lat' dir='ltr'>ente</span> <span class='ocrx_word' id='word_1_163' title='bbox 1155 1812 1295 1879; x_wconf 85' lang='lat' dir='ltr'>punctum</span> <span class='ocrx_word' id='word_1_164' title='bbox 1319 1804 1343 1862; x_wconf 76' lang='lat' dir='ltr'>l?</span> <span class='ocrx_word' id='word_1_165' title='bbox 1367 1802 1554 1863; x_wconf 79' lang='lat' dir='ltr'>terminusB</span> <span class='ocrx_word' id='word_1_166' title='bbox 1624 1828 1640 1844; x_wconf 79' lang='lat'><strong>·</strong></span> 
     </span>
     <span class='ocr_line' id='line_1_16' title="bbox 206 1880 1644 1971; baseline -0.003 -22"><span class='ocrx_word' id='word_1_167' title='bbox 206 1891 423 1964; x_wconf 72' lang='lat' dir='ltr'>antecessisset,</span> <span class='ocrx_word' id='word_1_168' title='bbox 449 1890 511 1965; x_wconf 84' lang='lat' dir='ltr'>jem</span> <span class='ocrx_word' id='word_1_169' title='bbox 541 1898 610 1966; x_wconf 88' lang='lat' dir='ltr'>post</span> <span class='ocrx_word' id='word_1_170' title='bbox 637 1889 661 1948; x_wconf 80' lang='lat' dir='ltr'>F</span> <span class='ocrx_word' id='word_1_171' title='bbox 689 1892 828 1948; x_wconf 90' lang='lat' dir='ltr'>terminus</span> <span class='ocrx_word' id='word_1_172' title='bbox 858 1889 885 1947; x_wconf 82' lang='grc' dir='ltr'><strong>Α</strong></span> <span class='ocrx_word' id='word_1_173' title='bbox 915 1889 1071 1949; x_wconf 83' lang='lat' dir='ltr'>antecedet</span> <span class='ocrx_word' id='word_1_174' title='bbox 1088 1907 1195 1971; x_wconf 46' lang='lat' dir='ltr'>,eoque</span> <span class='ocrx_word' id='word_1_175' title='bbox 1224 1890 1344 1967; x_wconf 85' lang='lat' dir='ltr'>planete</span> <span class='ocrx_word' id='word_1_176' title='bbox 1375 1907 1490 1949; x_wconf 86' lang='lat' dir='ltr'>rursum</span> <span class='ocrx_word' id='word_1_177' title='bbox 1520 1880 1644 1947; x_wconf 64' lang='lat' dir='ltr'>adj</span> 
     </span>
     <span class='ocr_line' id='line_1_17' title="bbox 205 1976 1665 2054; baseline -0.002 -17"><span class='ocrx_word' id='word_1_178' title='bbox 205 1978 368 2054; x_wconf 82' lang='lat' dir='ltr'>eclipticam</span> <span class='ocrx_word' id='word_1_179' title='bbox 391 1976 528 2036; x_wconf 81' lang='lat' dir='ltr'>accedere</span> <span class='ocrx_word' id='word_1_180' title='bbox 551 1978 682 2053; x_wconf 84' lang='lat' dir='ltr'>incipiet,</span> <span class='ocrx_word' id='word_1_181' title='bbox 705 1977 836 2053; x_wconf 81' lang='lat' dir='ltr'>proiectu</span> <span class='ocrx_word' id='word_1_182' title='bbox 858 1979 983 2053; x_wconf 90' lang='lat' dir='ltr'>primum</span> <span class='ocrx_word' id='word_1_183' title='bbox 1005 1978 1177 2037; x_wconf 86' lang='lat' dir='ltr'>insensibili.</span> <span class='ocrx_word' id='word_1_184' title='bbox 1214 2003 1226 2026; x_wconf 74' lang='grc' dir='ltr'><strong><em>ο</em></strong></span> <span class='ocrx_word' id='word_1_185' title='bbox 1482 1977 1484 1980; x_wconf 78' lang='grc'>’</span> <span class='ocrx_word' id='word_1_186' title='bbox 1660 1980 1665 1988; x_wconf 87' lang='grc'><strong>’</strong></span> 
     </span>
     <span class='ocr_line' id='line_1_18' title="bbox 294 2062 1648 2141; baseline 0.001 -18"><span class='ocrx_word' id='word_1_187' title='bbox 294 2063 372 2123; x_wconf 89' lang='lat' dir='ltr'>Hlue</span> <span class='ocrx_word' id='word_1_188' title='bbox 393 2064 456 2141; x_wconf 82' lang='lat' dir='ltr'>J&#39;am</span> <span class='ocrx_word' id='word_1_189' title='bbox 477 2072 576 2140; x_wconf 89' lang='lat' dir='ltr'>petet,</span> <span class='ocrx_word' id='word_1_190' title='bbox 599 2062 695 2141; x_wconf 89' lang='lat' dir='ltr'>quelis</span> <span class='ocrx_word' id='word_1_191' title='bbox 718 2064 811 2140; x_wconf 82' lang='lat' dir='ltr'>figure</span> <span class='ocrx_word' id='word_1_192' title='bbox 832 2067 978 2140; x_wconf 84' lang='lat' dir='ltr'>gignetur.</span> <span class='ocrx_word' id='word_1_193' title='bbox 1023 2064 1098 2124; x_wconf 86' lang='lat' dir='ltr'>Nem</span> <span class='ocrx_word' id='word_1_194' title='bbox 1120 2067 1190 2141; x_wconf 89' lang='lat' dir='ltr'>quie</span> <span class='ocrx_word' id='word_1_195' title='bbox 1212 2064 1286 2125; x_wconf 87' lang='lat' dir='ltr'>libre</span> <span class='ocrx_word' id='word_1_196' title='bbox 1308 2064 1361 2124; x_wconf 81' lang='grc' dir='ltr'>ΑΒ</span> <span class='ocrx_word' id='word_1_197' title='bbox 1385 2083 1422 2125; x_wconf 87' lang='lat' dir='ltr'>er</span> <span class='ocrx_word' id='word_1_198' title='bbox 1447 2066 1470 2125; x_wconf 84' lang='lat' dir='ltr'>E</span> <span class='ocrx_word' id='word_1_199' title='bbox 1493 2081 1648 2125; x_wconf 63' lang='lat' dir='ltr'>ruo-⁴·-</span> 
     </span>
     <span class='ocr_line' id='line_1_19' title="bbox 206 2150 1650 2228; baseline -0.001 -16"><span class='ocrx_word' id='word_1_200' title='bbox 206 2159 291 2212; x_wconf 86' lang='lat' dir='ltr'>vetur</span> <span class='ocrx_word' id='word_1_201' title='bbox 317 2168 421 2212; x_wconf 80' lang='lat' dir='ltr'>sersus</span> <span class='ocrx_word' id='word_1_202' title='bbox 451 2150 532 2211; x_wconf 86' lang='lat' dir='ltr'>illem</span> <span class='ocrx_word' id='word_1_203' title='bbox 562 2154 655 2227; x_wconf 85' lang='lat' dir='ltr'>ipsam</span> <span class='ocrx_word' id='word_1_204' title='bbox 684 2151 820 2228; x_wconf 81' lang='lat' dir='ltr'>plegem,</span> <span class='ocrx_word' id='word_1_205' title='bbox 852 2154 880 2209; x_wconf 92' lang='lat' dir='ltr'>in</span> <span class='ocrx_word' id='word_1_206' title='bbox 909 2168 998 2228; x_wconf 89' lang='lat' dir='ltr'>quum</span> <span class='ocrx_word' id='word_1_207' title='bbox 1025 2151 1118 2211; x_wconf 89' lang='lat' dir='ltr'>tendit</span> <span class='ocrx_word' id='word_1_208' title='bbox 1147 2155 1286 2211; x_wconf 90' lang='lat' dir='ltr'>terminus</span> <span class='ocrx_word' id='word_1_209' title='bbox 1316 2152 1341 2211; x_wconf 89' lang='lat' dir='ltr'>B</span> <span class='ocrx_word' id='word_1_210' title='bbox 1369 2151 1554 2225; x_wconf 71' lang='lat' dir='ltr'>antecedens,</span> <span class='ocrx_word' id='word_1_211' title='bbox 1573 2185 1650 2218; x_wconf 60' lang='lat' dir='ltr'>&lt;a</span> 
     </span>
    </p>
   </div>
   <div class='ocr_carea' id='block_1_3' title="bbox 122 2237 1653 2317">
    <p class='ocr_par' dir='ltr' id='par_1_3' title="bbox 122 2237 1653 2317">
     <span class='ocr_line' id='line_1_20' title="bbox 122 2237 1653 2317; baseline -0.003 -18"><span class='ocrx_word' id='word_1_212' title='bbox 122 2241 125 2247; x_wconf 83' lang='lat'>&#39;</span> <span class='ocrx_word' id='word_1_213' title='bbox 208 2238 375 2317; x_wconf 72' lang='lat' dir='ltr'>superficies</span> <span class='ocrx_word' id='word_1_214' title='bbox 398 2240 501 2316; x_wconf 80' lang='lat' dir='ltr'>igitur,</span> <span class='ocrx_word' id='word_1_215' title='bbox 527 2255 610 2313; x_wconf 90' lang='lat' dir='ltr'>quae</span> <span class='ocrx_word' id='word_1_216' title='bbox 631 2239 670 2297; x_wconf 88' lang='lat' dir='ltr'>eb</span> <span class='ocrx_word' id='word_1_217' title='bbox 694 2237 747 2297; x_wconf 79' lang='grc' dir='ltr'>ΑΒ</span> <span class='ocrx_word' id='word_1_218' title='bbox 770 2247 899 2312; x_wconf 86' lang='lat' dir='ltr'>creatur,</span> <span class='ocrx_word' id='word_1_219' title='bbox 923 2242 952 2297; x_wconf 95' lang='lat' dir='ltr'>iu</span> <span class='ocrx_word' id='word_1_220' title='bbox 974 2239 999 2297; x_wconf 84' lang='lat' dir='ltr'>tt</span> <span class='ocrx_word' id='word_1_221' title='bbox 1022 2247 1129 2314; x_wconf 91' lang='lat' dir='ltr'>puncto</span> <span class='ocrx_word' id='word_1_222' title='bbox 1152 2247 1305 2299; x_wconf 84' lang='lat' dir='ltr'>attenuata</span> <span class='ocrx_word' id='word_1_223' title='bbox 1327 2248 1373 2300; x_wconf 87' lang='lat' dir='ltr'>est</span> <span class='ocrx_word' id='word_1_224' title='bbox 1394 2242 1425 2297; x_wconf 92' lang='lat' dir='ltr'>in</span> <span class='ocrx_word' id='word_1_225' title='bbox 1449 2246 1653 2300; x_wconf 56' lang='lat' dir='ltr'>merant</span> 
     </span>
    </p>
   </div>
   <div class='ocr_carea' id='block_1_4' title="bbox 132 2325 1708 5028">
    <p class='ocr_par' dir='ltr' id='par_1_4' title="bbox 205 2325 1708 3087">
     <span class='ocr_line' id='line_1_21' title="bbox 207 2325 1655 2403; baseline -0.003 -18"><span class='ocrx_word' id='word_1_226' title='bbox 207 2325 324 2399; x_wconf 86' lang='lat' dir='ltr'>lineam,</span> <span class='ocrx_word' id='word_1_227' title='bbox 348 2343 424 2403; x_wconf 84' lang='lat' dir='ltr'>ques</span> <span class='ocrx_word' id='word_1_228' title='bbox 445 2334 543 2385; x_wconf 71' lang='lat' dir='ltr'>mmen</span> <span class='ocrx_word' id='word_1_229' title='bbox 565 2326 708 2402; x_wconf 81' lang='lat' dir='ltr'>paulatim</span> <span class='ocrx_word' id='word_1_230' title='bbox 730 2326 763 2384; x_wconf 88' lang='lat' dir='ltr'>dt</span> <span class='ocrx_word' id='word_1_231' title='bbox 784 2325 961 2403; x_wconf 82' lang='lat' dir='ltr'>superficies,</span> <span class='ocrx_word' id='word_1_232' title='bbox 989 2334 1111 2403; x_wconf 90' lang='lat' dir='ltr'>ortaque</span> <span class='ocrx_word' id='word_1_233' title='bbox 1133 2344 1170 2386; x_wconf 82' lang='lat' dir='ltr'>ex</span> <span class='ocrx_word' id='word_1_234' title='bbox 1194 2327 1217 2384; x_wconf 75' lang='lat' dir='ltr'>li</span> <span class='ocrx_word' id='word_1_235' title='bbox 1239 2334 1357 2403; x_wconf 88' lang='lat' dir='ltr'>puncto,</span> <span class='ocrx_word' id='word_1_236' title='bbox 1380 2330 1507 2403; x_wconf 72' lang='lat' dir='ltr'>acquirit</span> <span class='ocrx_word' id='word_1_237' title='bbox 1528 2329 1655 2383; x_wconf 61' lang='lat' dir='ltr'>inm</span> 
     </span>
     <span class='ocr_line' id='line_1_22' title="bbox 211 2413 1658 2489; baseline 0.001 -17"><span class='ocrx_word' id='word_1_238' title='bbox 211 2414 235 2472; x_wconf 80' lang='lat' dir='ltr'>P</span> <span class='ocrx_word' id='word_1_239' title='bbox 257 2414 442 2473; x_wconf 87' lang='lat' dir='ltr'>latitudinem</span> <span class='ocrx_word' id='word_1_240' title='bbox 467 2416 640 2487; x_wconf 83' lang='lat' dir='ltr'>munimem,</span> <span class='ocrx_word' id='word_1_241' title='bbox 670 2414 823 2489; x_wconf 88' lang='lat' dir='ltr'>aequalem</span> <span class='ocrx_word' id='word_1_242' title='bbox 844 2413 1020 2489; x_wconf 79' lang='lat' dir='ltr'>longitudini</span> <span class='ocrx_word' id='word_1_243' title='bbox 1042 2413 1222 2487; x_wconf 79' lang='lat' dir='ltr'>fibreu&#39;AB,</span> <span class='ocrx_word' id='word_1_244' title='bbox 1255 2413 1322 2473; x_wconf 90' lang='lat' dir='ltr'>iude</span> <span class='ocrx_word' id='word_1_245' title='bbox 1343 2431 1458 2474; x_wconf 91' lang='lat' dir='ltr'>rursum</span> <span class='ocrx_word' id='word_1_246' title='bbox 1482 2422 1658 2473; x_wconf 66' lang='lat' dir='ltr'>sue-</span> 
     </span>
     <span class='ocr_line' id='line_1_23' title="bbox 209 2500 1658 2579; baseline 0.001 -20"><span class='ocrx_word' id='word_1_247' title='bbox 209 2508 315 2561; x_wconf 86' lang='lat' dir='ltr'>nuetnr</span> <span class='ocrx_word' id='word_1_248' title='bbox 344 2502 418 2561; x_wconf 83' lang='lat' dir='ltr'>hacc</span> <span class='ocrx_word' id='word_1_249' title='bbox 448 2500 635 2576; x_wconf 72' lang='lat' dir='ltr'>superficies,</span> <span class='ocrx_word' id='word_1_250' title='bbox 652 2501 759 2577; x_wconf 81' lang='lat' dir='ltr'>‘usque</span> <span class='ocrx_word' id='word_1_251' title='bbox 781 2504 810 2559; x_wconf 92' lang='lat' dir='ltr'>iu</span> <span class='ocrx_word' id='word_1_252' title='bbox 833 2510 933 2577; x_wconf 91' lang='lat' dir='ltr'>pertes</span> <span class='ocrx_word' id='word_1_253' title='bbox 953 2501 1131 2560; x_wconf 87' lang='lat' dir='ltr'>circuitionis</span> <span class='ocrx_word' id='word_1_254' title='bbox 1155 2501 1194 2575; x_wconf 78' lang='lat' dir='ltr'>(l,</span> <span class='ocrx_word' id='word_1_255' title='bbox 1222 2503 1394 2578; x_wconf 86' lang='lat' dir='ltr'>quaeipsis</span> <span class='ocrx_word' id='word_1_256' title='bbox 1418 2502 1443 2560; x_wconf 83' lang='grc' dir='ltr'><strong>Ε</strong></span> <span class='ocrx_word' id='word_1_257' title='bbox 1464 2503 1658 2579; x_wconf 63' lang='lat' dir='ltr'>primed</span> 
     </span>
     <span class='ocr_line' id='line_1_24' title="bbox 210 2588 1658 2665; baseline -0.002 -18"><span class='ocrx_word' id='word_1_258' title='bbox 210 2589 294 2648; x_wconf 88' lang='lat' dir='ltr'>dictis</span> <span class='ocrx_word' id='word_1_259' title='bbox 315 2596 384 2647; x_wconf 86' lang='lat' dir='ltr'>sunt</span> <span class='ocrx_word' id='word_1_260' title='bbox 406 2590 574 2665; x_wconf 90' lang='lat' dir='ltr'>oppositae,</span> <span class='ocrx_word' id='word_1_261' title='bbox 599 2589 648 2647; x_wconf 87' lang='lat' dir='ltr'>ubi</span> <span class='ocrx_word' id='word_1_262' title='bbox 670 2588 838 2664; x_wconf 83' lang='lat' dir='ltr'>superficies</span> <span class='ocrx_word' id='word_1_263' title='bbox 861 2592 919 2646; x_wconf 88' lang='lat' dir='ltr'>iste</span> <span class='ocrx_word' id='word_1_264' title='bbox 939 2604 1053 2647; x_wconf 90' lang='lat' dir='ltr'>rursum</span> <span class='ocrx_word' id='word_1_265' title='bbox 1077 2592 1106 2647; x_wconf 92' lang='lat' dir='ltr'>iu</span> <span class='ocrx_word' id='word_1_266' title='bbox 1129 2589 1239 2648; x_wconf 87' lang='lat' dir='ltr'>lineam</span> <span class='ocrx_word' id='word_1_267' title='bbox 1261 2591 1400 2648; x_wconf 81' lang='lat' dir='ltr'>senescit.</span> <span class='ocrx_word' id='word_1_268' title='bbox 1447 2589 1658 2648; x_wconf 60' lang='lat' dir='ltr'>Rudent!</span> 
     </span>
     <span class='ocr_line' id='line_1_25' title="bbox 208 2670 1708 2753; baseline 0.001 -19"><span class='ocrx_word' id='word_1_269' title='bbox 208 2674 406 2752; x_wconf 77' lang='lat' dir='ltr'>intelliguntur</span> <span class='ocrx_word' id='word_1_270' title='bbox 429 2674 465 2735; x_wconf 89' lang='lat' dir='ltr'>de</span> <span class='ocrx_word' id='word_1_271' title='bbox 488 2678 623 2753; x_wconf 88' lang='lat' dir='ltr'>opposito</span> <span class='ocrx_word' id='word_1_272' title='bbox 644 2676 827 2736; x_wconf 87' lang='lat' dir='ltr'>semicirculo</span> <span class='ocrx_word' id='word_1_273' title='bbox 851 2674 939 2735; x_wconf 75' lang='grc' dir='ltr'><strong>ΘΟΕ.</strong></span> <span class='ocrx_word' id='word_1_274' title='bbox 980 2675 1089 2742; x_wconf 80' lang='lat' dir='ltr'>Deleta</span> <span class='ocrx_word' id='word_1_275' title='bbox 1110 2693 1181 2735; x_wconf 87' lang='lat' dir='ltr'>vero</span> <span class='ocrx_word' id='word_1_276' title='bbox 1203 2678 1246 2736; x_wconf 91' lang='lat' dir='ltr'>slc</span> <span class='ocrx_word' id='word_1_277' title='bbox 1268 2678 1406 2736; x_wconf 88' lang='lat' dir='ltr'>inclinate</span> <span class='ocrx_word' id='word_1_278' title='bbox 1428 2679 1458 2734; x_wconf 89' lang='lat' dir='ltr'>iu</span> <span class='ocrx_word' id='word_1_279' title='bbox 1483 2677 1507 2737; x_wconf 70' lang='grc' dir='ltr'>Ρ</span> <span class='ocrx_word' id='word_1_280' title='bbox 1528 2670 1658 2735; x_wconf 57' lang='grc' dir='ltr'>σι’(</span> <span class='ocrx_word' id='word_1_281' title='bbox 1706 2701 1708 2708; x_wconf 70' lang='lat'>,</span> 
     </span>
     <span class='ocr_line' id='line_1_26' title="bbox 208 2762 1659 2841; baseline 0.001 -21"><span class='ocrx_word' id='word_1_282' title='bbox 208 2763 235 2820; x_wconf 93' lang='lat' dir='ltr'>D</span> <span class='ocrx_word' id='word_1_283' title='bbox 259 2780 429 2841; x_wconf 87' lang='lat' dir='ltr'>semperque</span> <span class='ocrx_word' id='word_1_284' title='bbox 458 2781 542 2823; x_wconf 89' lang='lat' dir='ltr'>suum</span> <span class='ocrx_word' id='word_1_285' title='bbox 571 2762 690 2822; x_wconf 87' lang='lat' dir='ltr'>ductum</span> <span class='ocrx_word' id='word_1_286' title='bbox 712 2780 850 2838; x_wconf 86' lang='lat' dir='ltr'>sequens,</span> <span class='ocrx_word' id='word_1_287' title='bbox 882 2762 994 2822; x_wconf 87' lang='lat' dir='ltr'>cresbit</span> <span class='ocrx_word' id='word_1_288' title='bbox 1014 2763 1135 2839; x_wconf 90' lang='lat' dir='ltr'>plenum</span> <span class='ocrx_word' id='word_1_289' title='bbox 1156 2764 1332 2839; x_wconf 83' lang='lat' dir='ltr'>pericolum,</span> <span class='ocrx_word' id='word_1_290' title='bbox 1361 2766 1391 2822; x_wconf 90' lang='lat' dir='ltr'>iu</span> <span class='ocrx_word' id='word_1_291' title='bbox 1415 2766 1659 2841; x_wconf 64' lang='lat' dir='ltr'>quantouis]</span> 
     </span>
     <span class='ocr_line' id='line_1_27' title="bbox 205 2848 1657 2927; baseline -0.001 -17"><span class='ocrx_word' id='word_1_292' title='bbox 205 2852 358 2916; x_wconf 55' lang='lat' dir='ltr'>novellum</span> <span class='ocrx_word' id='word_1_293' title='bbox 380 2848 554 2927; x_wconf 83' lang='lat' dir='ltr'>parellelum</span> <span class='ocrx_word' id='word_1_294' title='bbox 576 2854 697 2911; x_wconf 89' lang='lat' dir='ltr'>retinet:</span> <span class='ocrx_word' id='word_1_295' title='bbox 729 2851 809 2926; x_wconf 87' lang='lat' dir='ltr'>quod</span> <span class='ocrx_word' id='word_1_296' title='bbox 832 2850 1001 2927; x_wconf 84' lang='lat' dir='ltr'>plenumst</span> <span class='ocrx_word' id='word_1_297' title='bbox 1024 2853 1221 2925; x_wconf 89' lang='lat' dir='ltr'>continuetur,</span> <span class='ocrx_word' id='word_1_298' title='bbox 1252 2868 1303 2927; x_wconf 90' lang='lat' dir='ltr'>pcr</span> <span class='ocrx_word' id='word_1_299' title='bbox 1325 2860 1457 2910; x_wconf 90' lang='lat' dir='ltr'>centrum</span> <span class='ocrx_word' id='word_1_300' title='bbox 1480 2850 1657 2911; x_wconf 59' lang='lat' dir='ltr'>Sotira</span> 
     </span>
     <span class='ocr_line' id='line_1_28' title="bbox 207 2937 1656 3015; baseline 0.001 -18"><span class='ocrx_word' id='word_1_301' title='bbox 207 2939 351 3012; x_wconf 78' lang='lat' dir='ltr'>nonnihit,</span> <span class='ocrx_word' id='word_1_302' title='bbox 373 2940 445 3015; x_wconf 88' lang='lat' dir='ltr'>quie</span> <span class='ocrx_word' id='word_1_303' title='bbox 465 2938 539 2997; x_wconf 86' lang='lat' dir='ltr'>libre</span> <span class='ocrx_word' id='word_1_304' title='bbox 555 2937 608 2999; x_wconf 85' lang='grc' dir='ltr'>ΑΒ</span> <span class='ocrx_word' id='word_1_305' title='bbox 633 2938 660 2995; x_wconf 91' lang='lat' dir='ltr'>in</span> <span class='ocrx_word' id='word_1_306' title='bbox 683 2938 781 2998; x_wconf 77' lang='lat' dir='ltr'>Solem</span> <span class='ocrx_word' id='word_1_307' title='bbox 804 2947 926 3015; x_wconf 85' lang='lat' dir='ltr'>spectet,</span> <span class='ocrx_word' id='word_1_308' title='bbox 952 2938 1021 2995; x_wconf 71' lang='lat' dir='ltr'>inli</span> <span class='ocrx_word' id='word_1_309' title='bbox 1043 2937 1162 3014; x_wconf 86' lang='lat' dir='ltr'>quidem</span> <span class='ocrx_word' id='word_1_310' title='bbox 1185 2941 1309 2998; x_wconf 89' lang='lat' dir='ltr'>terminu</span> <span class='ocrx_word' id='word_1_311' title='bbox 1329 2940 1364 3011; x_wconf 80' lang='grc' dir='ltr'>Α,</span> <span class='ocrx_word' id='word_1_312' title='bbox 1387 2942 1418 2996; x_wconf 90' lang='lat' dir='ltr'>in</span> <span class='ocrx_word' id='word_1_313' title='bbox 1436 2939 1464 2997; x_wconf 92' lang='lat' dir='ltr'>D</span> <span class='ocrx_word' id='word_1_314' title='bbox 1489 2938 1656 2998; x_wconf 64' lang='lat' dir='ltr'>sured:⁰</span> 
     </span>
     <span class='ocr_line' id='line_1_29' title="bbox 209 3026 1191 3087; baseline 0 -2"><span class='ocrx_word' id='word_1_315' title='bbox 209 3028 331 3087; x_wconf 82' lang='lat' dir='ltr'>termino</span> <span class='ocrx_word' id='word_1_316' title='bbox 353 3026 389 3087; x_wconf 90' lang='lat' dir='ltr'>B.</span> <span class='ocrx_word' id='word_1_317' title='bbox 1181 3031 1191 3052; x_wconf 71' lang='lat'><em>⁶</em></span> 
     </span>
    </p>

    <p class='ocr_par' dir='ltr' id='par_1_5' title="bbox 207 3111 1656 3538">
     <span class='ocr_line' id='line_1_30' title="bbox 293 3111 1655 3188; baseline -0.005 -15"><span class='ocrx_word' id='word_1_318' title='bbox 293 3111 352 3173; x_wconf 83' lang='lat' dir='ltr'>Sed</span> <span class='ocrx_word' id='word_1_319' title='bbox 375 3119 486 3173; x_wconf 84' lang='lat' dir='ltr'>remote</span> <span class='ocrx_word' id='word_1_320' title='bbox 507 3112 564 3171; x_wconf 90' lang='lat' dir='ltr'>hec</span> <span class='ocrx_word' id='word_1_321' title='bbox 585 3111 665 3188; x_wconf 91' lang='lat' dir='ltr'>pleni</span> <span class='ocrx_word' id='word_1_322' title='bbox 689 3114 924 3185; x_wconf 81' lang='lat' dir='ltr'>continuatione,</span> <span class='ocrx_word' id='word_1_323' title='bbox 955 3114 980 3169; x_wconf 90' lang='lat' dir='ltr'>si</span> <span class='ocrx_word' id='word_1_324' title='bbox 1014 3111 1092 3188; x_wconf 92' lang='lat' dir='ltr'>quod</span> <span class='ocrx_word' id='word_1_325' title='bbox 1116 3133 1134 3173; x_wconf 89' lang='lat' dir='ltr'>e</span> <span class='ocrx_word' id='word_1_326' title='bbox 1155 3112 1228 3172; x_wconf 84' lang='lat' dir='ltr'>libra</span> <span class='ocrx_word' id='word_1_327' title='bbox 1250 3120 1364 3172; x_wconf 87' lang='lat' dir='ltr'>creatur</span> <span class='ocrx_word' id='word_1_328' title='bbox 1394 3112 1655 3173; x_wconf 58' lang='lat' dir='ltr'>solitariamae</span> 
     </span>
     <span class='ocr_line' id='line_1_31' title="bbox 207 3197 1656 3278; baseline 0 -18"><span class='ocrx_word' id='word_1_329' title='bbox 207 3200 422 3274; x_wconf 86' lang='lat' dir='ltr'>consideretur,</span> <span class='ocrx_word' id='word_1_330' title='bbox 453 3202 566 3277; x_wconf 89' lang='lat' dir='ltr'>species</span> <span class='ocrx_word' id='word_1_331' title='bbox 597 3201 652 3259; x_wconf 88' lang='lat' dir='ltr'>erit</span> <span class='ocrx_word' id='word_1_332' title='bbox 680 3199 761 3272; x_wconf 85' lang='lat' dir='ltr'>tells,</span> <span class='ocrx_word' id='word_1_333' title='bbox 792 3197 909 3276; x_wconf 88' lang='lat' dir='ltr'>qualem</span> <span class='ocrx_word' id='word_1_334' title='bbox 938 3200 1078 3259; x_wconf 69' lang='lat' dir='ltr'>eximent</span> <span class='ocrx_word' id='word_1_335' title='bbox 1101 3199 1178 3266; x_wconf 86' lang='lat' dir='ltr'>duae</span> <span class='ocrx_word' id='word_1_336' title='bbox 1199 3199 1318 3260; x_wconf 85' lang='lat' dir='ltr'>lunulas</span> <span class='ocrx_word' id='word_1_337' title='bbox 1341 3203 1418 3260; x_wconf 88' lang='lat' dir='ltr'>inter</span> <span class='ocrx_word' id='word_1_338' title='bbox 1440 3199 1656 3278; x_wconf 65' lang='lat' dir='ltr'>culpus-1</span> 
     </span>
     <span class='ocr_line' id='line_1_32' title="bbox 209 3286 1656 3363; baseline -0.001 -17"><span class='ocrx_word' id='word_1_339' title='bbox 209 3286 300 3363; x_wconf 80' lang='lat' dir='ltr'>dues,</span> <span class='ocrx_word' id='word_1_340' title='bbox 328 3290 499 3349; x_wconf 81' lang='lat' dir='ltr'>exteriorem</span> <span class='ocrx_word' id='word_1_341' title='bbox 523 3286 643 3361; x_wconf 81' lang='grc' dir='ltr'>ΟΒΑΕ,</span> <span class='ocrx_word' id='word_1_342' title='bbox 674 3296 704 3347; x_wconf 91' lang='lat' dir='ltr'>et</span> <span class='ocrx_word' id='word_1_343' title='bbox 725 3288 891 3346; x_wconf 86' lang='lat' dir='ltr'>interiorem</span> <span class='ocrx_word' id='word_1_344' title='bbox 915 3286 1034 3359; x_wconf 81' lang='lat' dir='ltr'>EAOB,</span> <span class='ocrx_word' id='word_1_345' title='bbox 1057 3304 1089 3346; x_wconf 92' lang='lat' dir='ltr'>se</span> <span class='ocrx_word' id='word_1_346' title='bbox 1111 3296 1213 3348; x_wconf 91' lang='lat' dir='ltr'>mutuo</span> <span class='ocrx_word' id='word_1_347' title='bbox 1237 3296 1390 3363; x_wconf 70' lang='lat' dir='ltr'>teupentca</span> <span class='ocrx_word' id='word_1_348' title='bbox 1415 3291 1444 3345; x_wconf 93' lang='lat' dir='ltr'>in</span> <span class='ocrx_word' id='word_1_349' title='bbox 1468 3288 1501 3362; x_wconf 87' lang='lat' dir='ltr'>c,</span> <span class='ocrx_word' id='word_1_350' title='bbox 1524 3286 1656 3363; x_wconf 63' lang='lat' dir='ltr'>E,.‘⁴›</span> 
     </span>
     <span class='ocr_line' id='line_1_33' title="bbox 207 3373 1656 3452; baseline 0.005 -19"><span class='ocrx_word' id='word_1_351' title='bbox 207 3382 240 3433; x_wconf 89' lang='lat' dir='ltr'>ut</span> <span class='ocrx_word' id='word_1_352' title='bbox 270 3375 373 3435; x_wconf 87' lang='lat' dir='ltr'>eadem</span> <span class='ocrx_word' id='word_1_353' title='bbox 403 3376 482 3436; x_wconf 81' lang='lat' dir='ltr'>liene</span> <span class='ocrx_word' id='word_1_354' title='bbox 505 3373 553 3433; x_wconf 78' lang='lat' dir='ltr'>Oli</span> <span class='ocrx_word' id='word_1_355' title='bbox 584 3377 623 3434; x_wconf 90' lang='lat' dir='ltr'>sit</span> <span class='ocrx_word' id='word_1_356' title='bbox 651 3373 805 3449; x_wconf 88' lang='lat' dir='ltr'>diameter,</span> <span class='ocrx_word' id='word_1_357' title='bbox 831 3376 958 3434; x_wconf 84' lang='lat' dir='ltr'>minoris</span> <span class='ocrx_word' id='word_1_358' title='bbox 988 3373 1106 3451; x_wconf 86' lang='lat' dir='ltr'>quidem</span> <span class='ocrx_word' id='word_1_359' title='bbox 1128 3376 1233 3435; x_wconf 78' lang='lat' dir='ltr'><strong>EACB</strong></span> <span class='ocrx_word' id='word_1_360' title='bbox 1255 3376 1371 3452; x_wconf 82' lang='lat' dir='ltr'>longior</span> <span class='ocrx_word' id='word_1_361' title='bbox 1393 3392 1447 3435; x_wconf 89' lang='lat' dir='ltr'>seu</span> <span class='ocrx_word' id='word_1_362' title='bbox 1470 3383 1656 3446; x_wconf 47' lang='lat' dir='ltr'>resine*</span> 
     </span>
     <span class='ocr_line' id='line_1_34' title="bbox 208 3461 1024 3538; baseline 0.006 -18"><span class='ocrx_word' id='word_1_363' title='bbox 208 3463 327 3538; x_wconf 79' lang='lat' dir='ltr'>majoris</span> <span class='ocrx_word' id='word_1_364' title='bbox 349 3479 418 3523; x_wconf 81' lang='lat' dir='ltr'>vero</span> <span class='ocrx_word' id='word_1_365' title='bbox 442 3461 547 3521; x_wconf 80' lang='lat' dir='ltr'><strong>OBAE</strong></span> <span class='ocrx_word' id='word_1_366' title='bbox 570 3470 745 3525; x_wconf 83' lang='lat' dir='ltr'>transverse.</span> <span class='ocrx_word' id='word_1_367' title='bbox 967 3508 970 3513; x_wconf 86' lang='lat'><em>-</em></span> <span class='ocrx_word' id='word_1_368' title='bbox 1021 3499 1024 3509; x_wconf 88' lang='lat'>·</span> 
     </span>
    </p>

    <p class='ocr_par' dir='ltr' id='par_1_6' title="bbox 152 3547 1663 3887">
     <span class='ocr_line' id='line_1_35' title="bbox 295 3547 1659 3627; baseline -0.004 -16"><span class='ocrx_word' id='word_1_369' title='bbox 295 3550 431 3611; x_wconf 74' lang='lat' dir='ltr'>Genuum</span> <span class='ocrx_word' id='word_1_370' title='bbox 459 3551 547 3609; x_wconf 88' lang='lat' dir='ltr'>etiem</span> <span class='ocrx_word' id='word_1_371' title='bbox 576 3552 705 3627; x_wconf 87' lang='lat' dir='ltr'>corporis</span> <span class='ocrx_word' id='word_1_372' title='bbox 734 3548 870 3626; x_wconf 63' lang='lat' dir='ltr'>plurimu</span> <span class='ocrx_word' id='word_1_373' title='bbox 898 3549 1061 3623; x_wconf 84' lang='lat' dir='ltr'>circumibit</span> <span class='ocrx_word' id='word_1_374' title='bbox 1084 3552 1112 3607; x_wconf 93' lang='lat' dir='ltr'>in</span> <span class='ocrx_word' id='word_1_375' title='bbox 1136 3550 1225 3626; x_wconf 87' lang='lat' dir='ltr'>pleuc</span> <span class='ocrx_word' id='word_1_376' title='bbox 1246 3549 1393 3625; x_wconf 85' lang='lat' dir='ltr'>perlecto,</span> <span class='ocrx_word' id='word_1_377' title='bbox 1426 3549 1507 3627; x_wconf 88' lang='lat' dir='ltr'>quod</span> <span class='ocrx_word' id='word_1_378' title='bbox 1528 3547 1659 3607; x_wconf 51' lang='lat' dir='ltr'>ind</span> 
     </span>
     <span class='ocr_line' id='line_1_36' title="bbox 206 3635 1660 3718; baseline 0 -23"><span class='ocrx_word' id='word_1_379' title='bbox 206 3635 266 3695; x_wconf 66' lang='lat' dir='ltr'>rletto</span> <span class='ocrx_word' id='word_1_380' title='bbox 283 3636 382 3714; x_wconf 75' lang='lat' dir='ltr'>figura</span> <span class='ocrx_word' id='word_1_381' title='bbox 404 3635 543 3697; x_wconf 83' lang='lat' dir='ltr'>circulare</span> <span class='ocrx_word' id='word_1_382' title='bbox 566 3638 675 3697; x_wconf 83' lang='lat' dir='ltr'>lactum</span> <span class='ocrx_word' id='word_1_383' title='bbox 698 3645 763 3710; x_wconf 70' lang='lat' dir='ltr'>est,</span> <span class='ocrx_word' id='word_1_384' title='bbox 781 3652 822 3696; x_wconf 88' lang='lat' dir='ltr'>sc.</span> <span class='ocrx_word' id='word_1_385' title='bbox 845 3636 1129 3718; x_wconf 51' lang='lat' dir='ltr'>CDEl&#39;qquemvia</span> <span class='ocrx_word' id='word_1_386' title='bbox 1151 3640 1240 3697; x_wconf 88' lang='lat' dir='ltr'>etiem</span> <span class='ocrx_word' id='word_1_387' title='bbox 1262 3638 1367 3714; x_wconf 90' lang='lat' dir='ltr'>ipsum,</span> <span class='ocrx_word' id='word_1_388' title='bbox 1391 3645 1426 3696; x_wconf 90' lang='lat' dir='ltr'>ut</span> <span class='ocrx_word' id='word_1_389' title='bbox 1448 3656 1485 3697; x_wconf 82' lang='lat' dir='ltr'>cx</span> <span class='ocrx_word' id='word_1_390' title='bbox 1506 3647 1660 3695; x_wconf 52' lang='lat' dir='ltr'>aul</span> 
     </span>
     <span class='ocr_line' id='line_1_37' title="bbox 152 3713 1663 3803; baseline 0.001 -20"><span class='ocrx_word' id='word_1_391' title='bbox 152 3713 160 3728; x_wconf 85' lang='grc'><strong><em>’</em></strong></span> <span class='ocrx_word' id='word_1_392' title='bbox 182 3773 188 3781; x_wconf 59' lang='grc'>,.</span> <span class='ocrx_word' id='word_1_393' title='bbox 209 3726 306 3800; x_wconf 91' lang='lat' dir='ltr'>perius</span> <span class='ocrx_word' id='word_1_394' title='bbox 328 3724 413 3784; x_wconf 86' lang='lat' dir='ltr'>dictis</span> <span class='ocrx_word' id='word_1_395' title='bbox 436 3732 526 3801; x_wconf 86' lang='lat' dir='ltr'>petet,</span> <span class='ocrx_word' id='word_1_396' title='bbox 548 3717 706 3803; x_wconf 82' lang='lat' dir='ltr'>parumper</span> <span class='ocrx_word' id='word_1_397' title='bbox 729 3743 748 3783; x_wconf 91' lang='lat' dir='ltr'>e</span> <span class='ocrx_word' id='word_1_398' title='bbox 769 3723 870 3783; x_wconf 88' lang='lat' dir='ltr'>circuli</span> <span class='ocrx_word' id='word_1_399' title='bbox 893 3724 1072 3800; x_wconf 75' lang='lat' dir='ltr'>perfectione</span> <span class='ocrx_word' id='word_1_400' title='bbox 1094 3723 1132 3782; x_wconf 89' lang='lat' dir='ltr'>ed</span> <span class='ocrx_word' id='word_1_401' title='bbox 1154 3723 1312 3802; x_wconf 88' lang='lat' dir='ltr'>cllipticem</span> <span class='ocrx_word' id='word_1_402' title='bbox 1328 3724 1453 3784; x_wconf 86' lang='lat' dir='ltr'>laterum</span> <span class='ocrx_word' id='word_1_403' title='bbox 1470 3727 1663 3785; x_wconf 60' lang='lat' dir='ltr'>cesti-‘⁶</span> 
     </span>
     <span class='ocr_line' id='line_1_38' title="bbox 209 3810 775 3887; baseline 0.007 -18"><span class='ocrx_word' id='word_1_404' title='bbox 209 3814 356 3887; x_wconf 82' lang='lat' dir='ltr'>gellonem</span> <span class='ocrx_word' id='word_1_405' title='bbox 379 3810 524 3873; x_wconf 86' lang='lat' dir='ltr'>deflectet.</span> <span class='ocrx_word' id='word_1_406' title='bbox 773 3817 775 3820; x_wconf 82' lang='grc'><strong>’</strong></span> 
     </span>
    </p>

    <p class='ocr_par' dir='ltr' id='par_1_7' title="bbox 132 3898 1688 5028">
     <span class='ocr_line' id='line_1_39' title="bbox 132 3898 1667 3974; baseline 0.003 -21"><span class='ocrx_word' id='word_1_407' title='bbox 132 3949 133 3953; x_wconf 75' lang='grc'>,</span> <span class='ocrx_word' id='word_1_408' title='bbox 298 3898 408 3959; x_wconf 80' lang='lat' dir='ltr'>Remus</span> <span class='ocrx_word' id='word_1_409' title='bbox 429 3900 477 3959; x_wconf 85' lang='lat' dir='ltr'>vel</span> <span class='ocrx_word' id='word_1_410' title='bbox 498 3907 575 3959; x_wconf 84' lang='lat' dir='ltr'>temo</span> <span class='ocrx_word' id='word_1_411' title='bbox 596 3902 686 3958; x_wconf 82' lang='lat' dir='ltr'>nanis</span> <span class='ocrx_word' id='word_1_412' title='bbox 704 3900 878 3974; x_wconf 78' lang='lat' dir='ltr'>porripttrsr</span> <span class='ocrx_word' id='word_1_413' title='bbox 898 3915 920 3954; x_wconf 86' lang='lat' dir='ltr'>u</span> <span class='ocrx_word' id='word_1_414' title='bbox 934 3901 1012 3957; x_wconf 79' lang='lat' dir='ltr'>nevi</span> <span class='ocrx_word' id='word_1_415' title='bbox 1029 3915 1176 3973; x_wconf 74' lang='lat' dir='ltr'>proteum</span> <span class='ocrx_word' id='word_1_416' title='bbox 1199 3902 1233 3957; x_wconf 84' lang='lat' dir='ltr'>iss</span> <span class='ocrx_word' id='word_1_417' title='bbox 1246 3899 1348 3959; x_wconf 80' lang='lat' dir='ltr'>under</span> <span class='ocrx_word' id='word_1_418' title='bbox 1362 3907 1423 3958; x_wconf 85' lang='lat' dir='ltr'>out</span> <span class='ocrx_word' id='word_1_419' title='bbox 1435 3903 1471 3957; x_wconf 83' lang='lat' dir='ltr'>in</span> <span class='ocrx_word' id='word_1_420' title='bbox 1485 3903 1667 3957; x_wconf 55' lang='lat' dir='ltr'>nes-f</span> 
     </span>
     <span class='ocr_line' id='line_1_40' title="bbox 208 3978 1670 4062; baseline 0.001 -19"><span class='ocrx_word' id='word_1_421' title='bbox 208 3991 289 4059; x_wconf 83' lang='lat' dir='ltr'>tum,</span> <span class='ocrx_word' id='word_1_422' title='bbox 321 3985 416 4062; x_wconf 78' lang='lat' dir='ltr'>fibros</span> <span class='ocrx_word' id='word_1_423' title='bbox 440 3990 515 4045; x_wconf 85' lang='lat' dir='ltr'>istuc</span> <span class='ocrx_word' id='word_1_424' title='bbox 539 3988 639 4045; x_wconf 62' lang='lat' dir='ltr'>vtutent</span> <span class='ocrx_word' id='word_1_425' title='bbox 665 3989 804 4046; x_wconf 80' lang='lat' dir='ltr'>intutior</span> <span class='ocrx_word' id='word_1_426' title='bbox 826 3984 958 4045; x_wconf 78' lang='lat' dir='ltr'>retundo</span> <span class='ocrx_word' id='word_1_427' title='bbox 978 3986 1122 4060; x_wconf 80' lang='lat' dir='ltr'>planctus</span> <span class='ocrx_word' id='word_1_428' title='bbox 1143 4004 1285 4062; x_wconf 81' lang='lat' dir='ltr'>corpore:</span> <span class='ocrx_word' id='word_1_429' title='bbox 1312 4003 1378 4046; x_wconf 83' lang='lat' dir='ltr'>nen</span> <span class='ocrx_word' id='word_1_430' title='bbox 1401 3995 1444 4047; x_wconf 85' lang='lat' dir='ltr'>cat</span> <span class='ocrx_word' id='word_1_431' title='bbox 1465 3978 1670 4062; x_wconf 48' lang='lat' dir='ltr'>certer&amp;</span> 
     </span>
     <span class='ocr_line' id='line_1_41' title="bbox 208 4072 1499 4151; baseline 0.002 -21"><span class='ocrx_word' id='word_1_432' title='bbox 208 4076 244 4130; x_wconf 85' lang='lat' dir='ltr'>iis</span> <span class='ocrx_word' id='word_1_433' title='bbox 266 4072 371 4132; x_wconf 85' lang='lat' dir='ltr'>cedem</span> <span class='ocrx_word' id='word_1_434' title='bbox 393 4077 447 4147; x_wconf 83' lang='lat' dir='ltr'>uia,</span> <span class='ocrx_word' id='word_1_435' title='bbox 471 4092 549 4149; x_wconf 86' lang='lat' dir='ltr'>quac</span> <span class='ocrx_word' id='word_1_436' title='bbox 571 4073 747 4135; x_wconf 79' lang='lat' dir='ltr'>temonibus.</span> <span class='ocrx_word' id='word_1_437' title='bbox 780 4072 846 4131; x_wconf 90' lang='lat' dir='ltr'>Non</span> <span class='ocrx_word' id='word_1_438' title='bbox 869 4079 914 4130; x_wconf 83' lang='lat' dir='ltr'>cst</span> <span class='ocrx_word' id='word_1_439' title='bbox 935 4089 1064 4145; x_wconf 87' lang='lat' dir='ltr'>necesse,</span> <span class='ocrx_word' id='word_1_440' title='bbox 1089 4076 1187 4133; x_wconf 90' lang='lat' dir='ltr'>omnia</span> <span class='ocrx_word' id='word_1_441' title='bbox 1209 4073 1385 4151; x_wconf 74' lang='lat' dir='ltr'>respondere</span> <span class='ocrx_word' id='word_1_442' title='bbox 1408 4076 1439 4132; x_wconf 89' lang='lat' dir='ltr'>in</span> <span class='ocrx_word' id='word_1_443' title='bbox 1462 4073 1499 4132; x_wconf 86' lang='lat' dir='ltr'>el‘</span> 
     </span>
     <span class='ocr_line' id='line_1_42' title="bbox 208 4144 1675 4230; baseline -0.001 -13"><span class='ocrx_word' id='word_1_444' title='bbox 208 4157 414 4220; x_wconf 88' lang='lat' dir='ltr'>similitudine:</span> <span class='ocrx_word' id='word_1_445' title='bbox 445 4160 576 4220; x_wconf 88' lang='lat' dir='ltr'>succedit</span> <span class='ocrx_word' id='word_1_446' title='bbox 602 4169 701 4220; x_wconf 87' lang='lat' dir='ltr'>eutem</span> <span class='ocrx_word' id='word_1_447' title='bbox 731 4161 796 4219; x_wconf 92' lang='lat' dir='ltr'>loco</span> <span class='ocrx_word' id='word_1_448' title='bbox 818 4158 968 4218; x_wconf 83' lang='lat' dir='ltr'>feculentis</span> <span class='ocrx_word' id='word_1_449' title='bbox 988 4177 1133 4224; x_wconf 79' lang='lat' dir='ltr'>rumonim</span> <span class='ocrx_word' id='word_1_450' title='bbox 1157 4163 1202 4219; x_wconf 84' lang='lat' dir='ltr'>ris</span> <span class='ocrx_word' id='word_1_451' title='bbox 1224 4162 1285 4219; x_wconf 83' lang='lat' dir='ltr'>elis</span> <span class='ocrx_word' id='word_1_452' title='bbox 1307 4161 1447 4221; x_wconf 77' lang='lat' dir='ltr'>nuruum</span> <span class='ocrx_word' id='word_1_453' title='bbox 1469 4144 1675 4230; x_wconf 62' lang='lat' dir='ltr'>multoe?</span> 
     </span>
     <span class='ocr_line' id='line_1_43' title="bbox 210 4236 1679 4325; baseline 0 -18"><span class='ocrx_word' id='word_1_454' title='bbox 210 4248 444 4322; x_wconf 84' lang='lat' dir='ltr'>convenientior,</span> <span class='ocrx_word' id='word_1_455' title='bbox 468 4247 547 4323; x_wconf 93' lang='lat' dir='ltr'>quod</span> <span class='ocrx_word' id='word_1_456' title='bbox 569 4249 644 4306; x_wconf 84' lang='lat' dir='ltr'>sicrrt</span> <span class='ocrx_word' id='word_1_457' title='bbox 658 4265 747 4325; x_wconf 86' lang='lat' dir='ltr'>eupre</span> <span class='ocrx_word' id='word_1_458' title='bbox 762 4247 853 4306; x_wconf 85' lang='lat' dir='ltr'>librae</span> <span class='ocrx_word' id='word_1_459' title='bbox 867 4247 1029 4307; x_wconf 81' lang='lat' dir='ltr'>naturalem</span> <span class='ocrx_word' id='word_1_460' title='bbox 1045 4247 1193 4309; x_wconf 84' lang='lat' dir='ltr'>hebebant</span> <span class='ocrx_word' id='word_1_461' title='bbox 1208 4249 1343 4307; x_wconf 83' lang='lat' dir='ltr'>inertiam</span> <span class='ocrx_word' id='word_1_462' title='bbox 1356 4258 1463 4308; x_wconf 84' lang='lat' dir='ltr'>contra</span> <span class='ocrx_word' id='word_1_463' title='bbox 1477 4247 1556 4307; x_wconf 86' lang='lat' dir='ltr'>incli-</span> <span class='ocrx_word' id='word_1_464' title='bbox 1568 4236 1679 4283; x_wconf 68' lang='lat'>‘¹&#39;</span> 
     </span>
     <span class='ocr_line' id='line_1_44' title="bbox 208 4320 1682 4412; baseline 0.001 -19"><span class='ocrx_word' id='word_1_465' title='bbox 208 4338 356 4395; x_wconf 85' lang='lat' dir='ltr'>nationem</span> <span class='ocrx_word' id='word_1_466' title='bbox 379 4336 440 4408; x_wconf 90' lang='lat' dir='ltr'>sui,</span> <span class='ocrx_word' id='word_1_467' title='bbox 463 4351 515 4394; x_wconf 89' lang='lat' dir='ltr'>seu</span> <span class='ocrx_word' id='word_1_468' title='bbox 540 4336 636 4412; x_wconf 91' lang='lat' dir='ltr'>potius</span> <span class='ocrx_word' id='word_1_469' title='bbox 659 4333 819 4412; x_wconf 87' lang='lat' dir='ltr'>potentiam</span> <span class='ocrx_word' id='word_1_470' title='bbox 842 4334 880 4392; x_wconf 86' lang='lat' dir='ltr'>ed</span> <span class='ocrx_word' id='word_1_471' title='bbox 903 4334 1084 4394; x_wconf 81' lang='lat' dir='ltr'>retinendum</span> <span class='ocrx_word' id='word_1_472' title='bbox 1107 4337 1194 4394; x_wconf 89' lang='lat' dir='ltr'>situm</span> <span class='ocrx_word' id='word_1_473' title='bbox 1216 4334 1389 4412; x_wconf 78' lang='lat' dir='ltr'>parallelum</span> <span class='ocrx_word' id='word_1_474' title='bbox 1414 4340 1445 4393; x_wconf 93' lang='lat' dir='ltr'>in</span> <span class='ocrx_word' id='word_1_475' title='bbox 1467 4345 1556 4394; x_wconf 80' lang='lat' dir='ltr'>uers-</span> <span class='ocrx_word' id='word_1_476' title='bbox 1578 4320 1682 4368; x_wconf 67' lang='lat'>‘³&#39;</span> 
     </span>
     <span class='ocr_line' id='line_1_45' title="bbox 209 4402 1686 4500; baseline 0 -20"><span class='ocrx_word' id='word_1_477' title='bbox 209 4425 373 4500; x_wconf 84' lang='lat' dir='ltr'>portatione</span> <span class='ocrx_word' id='word_1_478' title='bbox 397 4423 541 4499; x_wconf 85' lang='lat' dir='ltr'>corporis,</span> <span class='ocrx_word' id='word_1_479' title='bbox 565 4424 607 4480; x_wconf 91' lang='lat' dir='ltr'>sic</span> <span class='ocrx_word' id='word_1_480' title='bbox 628 4438 705 4481; x_wconf 91' lang='lat' dir='ltr'>nunc</span> <span class='ocrx_word' id='word_1_481' title='bbox 728 4425 815 4482; x_wconf 86' lang='lat' dir='ltr'>etiarn</span> <span class='ocrx_word' id='word_1_482' title='bbox 839 4423 909 4480; x_wconf 86' lang='lat' dir='ltr'>insit</span> <span class='ocrx_word' id='word_1_483' title='bbox 929 4421 1010 4481; x_wconf 88' lang='lat' dir='ltr'>libris</span> <span class='ocrx_word' id='word_1_484' title='bbox 1032 4422 1195 4482; x_wconf 86' lang='lat' dir='ltr'>latitudinis</span> <span class='ocrx_word' id='word_1_485' title='bbox 1218 4429 1333 4499; x_wconf 84' lang='lat' dir='ltr'>prester</span> <span class='ocrx_word' id='word_1_486' title='bbox 1354 4423 1483 4483; x_wconf 65' lang='lat' dir='ltr'>simum</span> <span class='ocrx_word' id='word_1_487' title='bbox 1502 4424 1557 4480; x_wconf 68' lang='lat' dir='ltr'>rh</span> <span class='ocrx_word' id='word_1_488' title='bbox 1584 4402 1686 4468; x_wconf 48' lang='lat' dir='ltr'>f</span> 
     </span>
     <span class='ocr_line' id='line_1_46' title="bbox 207 4487 1687 4587; baseline 0.002 -20"><span class='ocrx_word' id='word_1_489' title='bbox 207 4500 350 4570; x_wconf 86' lang='lat' dir='ltr'>retinendi</span> <span class='ocrx_word' id='word_1_490' title='bbox 372 4511 460 4584; x_wconf 88' lang='lat' dir='ltr'>situm</span> <span class='ocrx_word' id='word_1_491' title='bbox 482 4508 653 4587; x_wconf 89' lang='lat' dir='ltr'>perellclum</span> <span class='ocrx_word' id='word_1_492' title='bbox 677 4512 764 4568; x_wconf 86' lang='lat' dir='ltr'>etiem</span> <span class='ocrx_word' id='word_1_493' title='bbox 787 4508 929 4568; x_wconf 86' lang='lat' dir='ltr'>naturalis</span> <span class='ocrx_word' id='word_1_494' title='bbox 948 4511 1082 4587; x_wconf 82' lang='lat' dir='ltr'>potentie</span> <span class='ocrx_word' id='word_1_495' title='bbox 1096 4510 1245 4586; x_wconf 82' lang='lat' dir='ltr'>agilitatis,</span> <span class='ocrx_word' id='word_1_496' title='bbox 1263 4527 1321 4569; x_wconf 59' lang='lat' dir='ltr'>‘sea</span> <span class='ocrx_word' id='word_1_497' title='bbox 1335 4511 1440 4570; x_wconf 88' lang='lat' dir='ltr'>tuendi</span> <span class='ocrx_word' id='word_1_498' title='bbox 1455 4511 1556 4577; x_wconf 64' lang='lat' dir='ltr'>line-</span> <span class='ocrx_word' id='word_1_499' title='bbox 1596 4487 1687 4551; x_wconf 46' lang='grc' dir='ltr'><strong><em>ἐ</em></strong></span> 
     </span>
     <span class='ocr_line' id='line_1_47' title="bbox 205 4574 1688 4676; baseline 0.001 -21"><span class='ocrx_word' id='word_1_500' title='bbox 205 4598 296 4675; x_wconf 88' lang='lat' dir='ltr'>plene</span> <span class='ocrx_word' id='word_1_501' title='bbox 327 4596 450 4658; x_wconf 88' lang='lat' dir='ltr'>eandem</span> <span class='ocrx_word' id='word_1_502' title='bbox 482 4606 511 4657; x_wconf 89' lang='lat' dir='ltr'>ot</span> <span class='ocrx_word' id='word_1_503' title='bbox 538 4596 698 4656; x_wconf 90' lang='lat' dir='ltr'>secundum</span> <span class='ocrx_word' id='word_1_504' title='bbox 728 4614 792 4655; x_wconf 87' lang='lat' dir='ltr'>cem</span> <span class='ocrx_word' id='word_1_505' title='bbox 817 4595 969 4656; x_wconf 82' lang='lat' dir='ltr'>derivandi</span> <span class='ocrx_word' id='word_1_506' title='bbox 992 4606 1101 4659; x_wconf 91' lang='lat' dir='ltr'>motum</span> <span class='ocrx_word' id='word_1_507' title='bbox 1120 4599 1181 4657; x_wconf 64' lang='lat' dir='ltr'>‘nint</span> <span class='ocrx_word' id='word_1_508' title='bbox 1203 4596 1334 4671; x_wconf 85' lang='lat' dir='ltr'>illatum,</span> <span class='ocrx_word' id='word_1_509' title='bbox 1366 4600 1397 4655; x_wconf 94' lang='lat' dir='ltr'>in</span> <span class='ocrx_word' id='word_1_510' title='bbox 1421 4606 1557 4676; x_wconf 79' lang='lat' dir='ltr'>quantun</span> <span class='ocrx_word' id='word_1_511' title='bbox 1602 4574 1688 4638; x_wconf 46' lang='grc' dir='ltr'><em>θ</em></span> 
     </span>
     <span class='ocr_line' id='line_1_48' title="bbox 209 4681 1376 4762; baseline 0 -19"><span class='ocrx_word' id='word_1_512' title='bbox 209 4685 325 4762; x_wconf 93' lang='lat' dir='ltr'>quidem</span> <span class='ocrx_word' id='word_1_513' title='bbox 348 4685 442 4745; x_wconf 88' lang='lat' dir='ltr'>tendit</span> <span class='ocrx_word' id='word_1_514' title='bbox 463 4693 560 4745; x_wconf 90' lang='lat' dir='ltr'>motus</span> <span class='ocrx_word' id='word_1_515' title='bbox 583 4686 612 4742; x_wconf 92' lang='lat' dir='ltr'>in</span> <span class='ocrx_word' id='word_1_516' title='bbox 637 4681 758 4744; x_wconf 90' lang='lat' dir='ltr'>eandem</span> <span class='ocrx_word' id='word_1_517' title='bbox 781 4684 898 4761; x_wconf 83' lang='lat' dir='ltr'>plagam</span> <span class='ocrx_word' id='word_1_518' title='bbox 920 4701 987 4743; x_wconf 91' lang='lat' dir='ltr'>oum</span> <span class='ocrx_word' id='word_1_519' title='bbox 1009 4684 1101 4745; x_wconf 88' lang='lat' dir='ltr'>sltero</span> <span class='ocrx_word' id='word_1_520' title='bbox 1124 4685 1215 4744; x_wconf 76' lang='lat' dir='ltr'>nnnc</span> <span class='ocrx_word' id='word_1_521' title='bbox 1237 4693 1376 4746; x_wconf 82' lang='lat' dir='ltr'>extremo.</span> 
     </span>
     <span class='ocr_line' id='line_1_49' title="bbox 237 4748 1685 4853; baseline -0.001 -19"><span class='ocrx_word' id='word_1_522' title='bbox 237 4783 238 4787; x_wconf 77' lang='grc'>’</span> <span class='ocrx_word' id='word_1_523' title='bbox 299 4772 454 4849; x_wconf 83' lang='lat' dir='ltr'>Compara</span> <span class='ocrx_word' id='word_1_524' title='bbox 475 4775 609 4853; x_wconf 70' lang='lat' dir='ltr'>formum</span> <span class='ocrx_word' id='word_1_525' title='bbox 632 4772 711 4831; x_wconf 77' lang='lat' dir='ltr'>hunc</span> <span class='ocrx_word' id='word_1_526' title='bbox 731 4778 830 4831; x_wconf 82' lang='lat' dir='ltr'>motus</span> <span class='ocrx_word' id='word_1_527' title='bbox 844 4771 1017 4830; x_wconf 80' lang='lat' dir='ltr'>latitudinis</span> <span class='ocrx_word' id='word_1_528' title='bbox 1030 4790 1099 4831; x_wconf 86' lang='lat' dir='ltr'>oum</span> <span class='ocrx_word' id='word_1_529' title='bbox 1114 4775 1305 4849; x_wconf 67' lang='lat' dir='ltr'>ausonensis</span> <span class='ocrx_word' id='word_1_530' title='bbox 1320 4777 1416 4832; x_wconf 67' lang='lat' dir='ltr'>varri</span> <span class='ocrx_word' id='word_1_531' title='bbox 1429 4773 1557 4848; x_wconf 65' lang='lat' dir='ltr'>scarpis</span> <span class='ocrx_word' id='word_1_532' title='bbox 1617 4748 1685 4799; x_wconf 52' lang='grc' dir='ltr'><em>α</em></span> 
     </span>
     <span class='ocr_line' id='line_1_50' title="bbox 193 4835 1680 4938; baseline 0 -17"><span class='ocrx_word' id='word_1_533' title='bbox 193 4862 362 4936; x_wconf 58' lang='lat' dir='ltr'>*populari</span> <span class='ocrx_word' id='word_1_534' title='bbox 408 4860 469 4921; x_wconf 87' lang='lat' dir='ltr'>Nos</span> <span class='ocrx_word' id='word_1_535' title='bbox 491 4862 539 4921; x_wconf 90' lang='lat' dir='ltr'>hio</span> <span class='ocrx_word' id='word_1_536' title='bbox 560 4859 708 4938; x_wconf 85' lang='lat' dir='ltr'>planetum</span> <span class='ocrx_word' id='word_1_537' title='bbox 730 4857 841 4918; x_wconf 86' lang='lat' dir='ltr'>flumini</span> <span class='ocrx_word' id='word_1_538' title='bbox 864 4861 1071 4919; x_wconf 86' lang='lat' dir='ltr'>committimus</span> <span class='ocrx_word' id='word_1_539' title='bbox 1091 4876 1158 4919; x_wconf 91' lang='lat' dir='ltr'>cum</span> <span class='ocrx_word' id='word_1_540' title='bbox 1182 4858 1303 4935; x_wconf 87' lang='lat' dir='ltr'>obliquo</span> <span class='ocrx_word' id='word_1_541' title='bbox 1325 4869 1456 4934; x_wconf 64' lang='lat' dir='ltr'>tamenn</span> <span class='ocrx_word' id='word_1_542' title='bbox 1479 4861 1556 4936; x_wconf 68' lang='lat' dir='ltr'>cuj·</span> <span class='ocrx_word' id='word_1_543' title='bbox 1634 4835 1680 4881; x_wconf 69' lang='lat'>¹</span> 
     </span>
     <span class='ocr_line' id='line_1_51' title="bbox 208 4944 1672 5028; baseline 0.002 -22"><span class='ocrx_word' id='word_1_544' title='bbox 208 4946 351 5009; x_wconf 85' lang='lat' dir='ltr'>beneficio</span> <span class='ocrx_word' id='word_1_545' title='bbox 378 4946 498 5025; x_wconf 83' lang='lat' dir='ltr'>planeta</span> <span class='ocrx_word' id='word_1_546' title='bbox 526 4951 589 5027; x_wconf 90' lang='lat' dir='ltr'>ipse</span> <span class='ocrx_word' id='word_1_547' title='bbox 619 4949 694 5009; x_wconf 91' lang='lat' dir='ltr'>inter</span> <span class='ocrx_word' id='word_1_548' title='bbox 722 4944 909 5008; x_wconf 81' lang='lat' dir='ltr'>defluentium</span> <span class='ocrx_word' id='word_1_549' title='bbox 936 4947 1064 5023; x_wconf 66' lang='lat' dir='ltr'>uosmet</span> <span class='ocrx_word' id='word_1_550' title='bbox 1091 4947 1130 5008; x_wconf 82' lang='lat' dir='ltr'>ab</span> <span class='ocrx_word' id='word_1_551' title='bbox 1151 4962 1215 5007; x_wconf 81' lang='lat' dir='ltr'>eae</span> <span class='ocrx_word' id='word_1_552' title='bbox 1234 4948 1300 5026; x_wconf 75' lang='lat' dir='ltr'>ripa</span> <span class='ocrx_word' id='word_1_553' title='bbox 1320 4947 1555 5028; x_wconf 65' lang='lat' dir='ltr'>stepponem</span> <span class='ocrx_word' id='word_1_554' title='bbox 1651 4952 1672 4968; x_wconf 75' lang='lat'><em>⁴</em></span> 
     </span>
    </p>
   </div>
   <div class='ocr_carea' id='block_1_5' title="bbox 0 0 1814 5767">
    <p class='ocr_par' dir='ltr' id='par_1_8' title="bbox 0 0 1814 5767">
     <span class='ocr_line' id='line_1_52' title="bbox 0 0 1814 5767; baseline 0 0"><span class='ocrx_word' id='word_1_555' title='bbox 0 0 1814 5767; x_wconf 95' lang='lat' dir='ltr'> </span> 
     </span>
    </p>
   </div>
  </div>
 </body>
</html>
