3609 5767
591 445 599 457 ’
689 468 831 541 Epistolas
848 469 961 542 Ksplsri
978 470 1145 541 aliorumque
1162 475 1275 528 mutuae

1064 658 1096 711 et
1125 648 1371 727 complementum
1403 652 1502 731 dou,
1545 656 1664 719 additus

1064 736 1144 798 DGE
1173 737 1350 805 10000οΕ
1373 741 1524 820 ¹(daturque
1555 745 1606 806 GE
1635 753 1665 806 et

1064 819 1185 885 inuenta
1220 833 1265 887 est
1300 829 1363 890 ΟΔ.
1412 830 1540 892 Rursum
1576 836 1665 911 igitur

1065 913 1153 973 ducto
1189 916 1426 991 perpendiculari
1461 919 1518 980 ad
1553 921 1585 979 in
1615 922 1664 982 Eo

1064 1001 1272 1078 continuatam,
1296 1012 1327 1065 et
1347 1022 1400 1083 per
1416 1006 1499 1068 Ace
1521 1012 1665 1088 excerptis

1010 1135 1017 1143 .
1062 1090 1221 1150 sinibusO
1248 1097 1279 1151 et
1301 1093 1347 1167 A,
1375 1096 1431 1154 erit
1456 1102 1491 1155 ut
1517 1103 1598 1157 totus
1626 1097 1666 1158 ad

1061 1177 1229 1251 00001000,
1252 1179 1295 1239 sic
1315 1180 1368 1240 AG
1385 1180 1504 1258 adAG,
1529 1184 1592 1259 GC,
1617 1189 1664 1245 cui

1062 1264 1163 1324 addita
1187 1264 1235 1325 GE
1265 1265 1298 1326 fit
1320 1266 1383 1329 Gn.
1427 1266 1469 1330 Ut
1496 1273 1586 1347 igitur
1608 1272 1664 1333 AG

1061 1352 1100 1411 ad
1131 1351 1202 1427 GE,
1238 1355 1281 1414 sic
1311 1362 1392 1417 totus
1423 1357 1463 1417 nd
1495 1365 1665 1437 tangentem

974 1467 977 1474 ·
1060 1440 1160 1516 EA03
1202 1439 1270 1502 hinc
1306 1444 1389 1510 auter
1427 1444 1526 1521 CAG,
1564 1460 1665 1510 maner

1060 1527 1170 1602 nac,
1190 1524 1241 1611 001
1272 1546 1338 1604 eum
1369 1531 1448 1593 OAB
1479 1535 1551 1595 lacit
1580 1537 1662 1597 ΕΑΒ

964 1665 968 1674 .
1058 1616 1355 1693 proanaphonesis·
1374 1618 1415 1681 Ut
1428 1637 1499 1683 vero
1522 1630 1603 1684 totus
1626 1625 1665 1685 ad

809 1732 811 1737 .
1021 1745 1025 1752 -
1059 1712 1207 1774 secantem
1222 1704 1313 1781 EAG,
1337 1708 1380 1769 sie
1400 1708 1457 1770 AG
1478 1710 1517 1771 ad
1540 1710 1594 1771 ΑΕ
1618 1713 1664 1772 di-

550 1798 601 1851 ,0
855 1853 857 1856 ,
961 1803 1028 1877 ⁴¹,
1056 1795 1250 1878 stantiam·
1373 1870 1376 1874 ¹
1683 1855 1686 1870 ,

393 1883 451 1947 llic
467 1891 526 1949 a'ut
548 1892 581 1943 tu
602 1902 649 1945 me
673 1884 748 1946 doce
768 1885 932 1945 breuiorem
960 1881 1038 1938 riam
1061 1881 1110 1939 rel
1130 1881 1162 1938 in
1175 1879 1337 1956 copcmico
1359 1882 1417 1943 vel
1430 1885 1460 1952 in
1482 1884 1664 1963 Ptolemaeo,

305 1971 481 2048 antistare,
504 1989 599 2032 meam
622 1972 673 2033 sol.
698 1975 760 2033 686
784 1989 848 2033 esse
871 1969 966 2029 multo
990 1960 1153 2027 breviorem
1176 1974 1309 2045 000000.
1354 1971 1426 2031 Esto
1448 1980 1546 2038 10000
1568 1982 1604 2034 ut
1625 1978 1664 2035 slt

300 2059 433 2136 longior,
466 2068 497 2121 at
519 2062 662 2137 genuinae
685 2061 736 2121 dat
759 2059 948 2137 quantitates·
961 2053 1244 2132 proathephaeresis-
1257 2064 1287 2116 ct
1309 2055 1477 2134 distantiae,
1501 2061 1569 2123 illae
1592 2079 1663 2123 vero

307 2147 488 2225 hypotheses
511 2151 618 2209 vitiant
645 2157 807 2225 unamque:
852 2144 977 2218 Placete
1004 2144 1085 2204 00100
1104 2142 1184 2221 apud
1202 2142 1409 2206 'Ptolemaeum
1437 2162 1496 2209 noa
1517 2150 1665 2212 recedita

308 2237 415 2296 clrcnlo
439 2254 541 2296 versus
556 2243 704 2310 semrom,
727 2238 758 2295 iu
774 2235 938 2311 Goperniec
951 2233 1051 2314 ctiam
1074 2233 1134 2291 exit
1155 2230 1233 2291 ultra
1247 2233 1397 2309 circulum,
1420 2236 1500 2313 quod
1522 2240 1552 2296 in
1568 2237 1664 2299 Marte

133 2341 136 2350 =
241 2315 255 2401 ζ
306 2323 491 2386 intolerabile
515 2323 627 2401 aliquid
649 2324 761 2403 allicit,
791 2323 922 2382 Probari
945 2320 1004 2379 hoc
1024 2321 1058 2377 in-
1077 2318 1239 2380 Oummerrt
1262 2319 1446 2399 Martis-par
1476 2326 1664 2387 observatio-

305 2425 367 2472 nes.
406 2414 541 2489 Denique
556 2411 665 2472 tabulis
677 2413 802 2490 ⁴scriptis
825 2409 897 2489 nihil
920 2410 1051 2482 interest,
1073 2406 1163 2485 longa
1175 2408 1225 2467 -sit
1246 2425 1285 2467 an
1306 2410 1403 2470 breuis
1418 2413 1477 2487 vis,
1500 2430 1553 2490 per
1568 2431 1664 2491 unam

306 2506 375 2559 sunt
396 2503 450 2560 scri
475 2508 532 2561 tae.
897 2514 901 2533 ¹
1316 2548 1319 2553 .
1371 2519 1373 2524 ·
1561 2543 1563 2545 -

392 2589 433 2648 At
453 2518 566 2648 Ι000ιοοἰ
580 2593 649 2647 sunt
663 2585 794 2663 prolixi?
817 2585 947 2645 Decurta
961 2580 1051 2660 igitur
1073 2581 1149 2644 illos
1165 2585 1168 2596 “
1182 2582 1260 2643 drea
1276 2583 1393 2660 quidem
1407 2586 1509 2647 circuli
1528 2588 1664 2649 scribitur

305 2672 405 2750 figuris
422 2679 470 2751 ll,
486 2683 518 2736 ut
532 2673 707 2753 quadratum
722 2674 819 2749 radii3·
835 2681 866 2733 at
884 2673 924 2731 1⁰
940 2672 1020 2732 valet
1035 2687 1059 2729 c.
1073 2671 1189 2745 alato,
1206 2671 1328 2748 prolude
1343 2687 1402 2756 000
1416 2677 1513 2735 unitas
1529 2677 1664 2740 deredio

306 2761 387 2821 valet
404 2765 444 2822 4⁰
460 2765 527 2824 sere.
566 2763 613 2823 lta
638 2764 656 2822 5
679 2767 803 2840 possunt
825 2761 950 2821 resecari
973 2759 1094 2837 figurae,
1118 2766 1170 2817 aut
1192 2766 1269 2820 certe
1292 2761 1321 2820 4.
1356 2761 1394 2820 Et
1416 2761 1465 2822 iol.
1481 2764 1542 2823 686
1565 2773 1665 2841 potest

306 2850 390 2909 valor
415 2868 501 2911 arene
525 2851 608 2910 ΑΗΒ
631 2853 661 2909 10
684 2848 813 2911 secunda
835 2847 974 2909 reductus
1003 2847 1099 2907 omitti
1128 2854 1159 2906 et
1186 2863 1239 2923 pro
1268 2864 1303 2908 eo
1333 2853 1466 2927 usurpari
1493 2856 1665 2914 ecccntricl-

305 2942 350 2996 tas
383 2938 628 3016 multiplicarique
650 2940 680 2997 in
704 2935 856 2997 dimidium
880 2936 950 3010 AF,
983 2929 1107 3013 quippo
1123 2951 1189 2994 cum
1219 2936 1434 3019 eademletiam
1456 2940 1496 2998 sit
1516 2940 1663 3019 multipli-

306 3026 401 3086 canda
432 3029 463 3087 in
488 3027 559 3104 FB;
588 3025 697 3088 iactum
723 3032 827 3104 postea
855 3022 1003 3084 reducitur
1021 3040 1090 3114 'per
1112 3021 1252 3082 tabellam
1278 3025 1308 3082 in
1322 3024 1461 3110 ¹gradus,
1490 3030 1604 3090 minuta
1634 3037 1664 3093 et

306 3114 443 3175 secunda.

394 3218 563 3279 ordgarus:
599 3217 696 3265 Deinde
722 3218 748 3265 in
766 3214 899 3264 lunaribus
916 3198 1043 3278 improbas
1062 3214 1272 3264 eccentricitetem
1290 3217 1371 3280 5800,
1394 3232 1412 3267 a
1429 3218 1547 3268 Sevsrlno
1565 3223 1664 3273 ratione

306 3286 386 3351 dupla
403 3281 494 3339 sectr'm
513 3290 539 3336 in
559 3288 621 3336 duos
633 3288 806 3354 epicyclornm
825 3286 918 3351 radios,
937 3290 962 3334 et
980 3285 1052 3345 dicis,
1070 3286 1177 3334 formam
1189 3292 1301 3335 motuum
1314 3288 1444 3349 physicam
1456 3290 1581 3351 imperare
1600 3295 1662 3343 slm-

305 3359 405 3421 plicitar
424 3361 593 3423 blscctionem,
612 3358 729 3406 lectorem
747 3358 868 3417 ablegares
886 3358 920 3405 ad
933 3354 1070 3405 Commeat.
1081 3355 1176 3404 Martis.
1213 3357 1293 3421 Atqui
1310 3362 1392 3406 100000
1410 3357 1571 3425 0000001000,
1590 3366 1663 3424 canus

306 3431 483 3478 astronomiam
496 3429 665 3486 0010010000,
679 3429 770 3491 *codem
787 3427 861 3476 modo
880 3425 1006 3489 epicyclos
1024 3426 1150 3475 ordinauit
1167 3430 1192 3473 et
1209 3428 1373 3475 bisectlonsm
1391 3431 1591 3498 eccsntrchtatis,
1610 3448 1663 3499 qua

308 3497 412 3570 planeta
429 3503 558 3548 moveatur
575 3496 714 3562 aequaliter
731 3512 805 3561 super
822 3497 903 3545 aliano
924 3503 1016 3556 centro,
1034 3498 1182 3556 geometriae
1200 3511 1250 3544 non
1269 3511 1323 3545 esse
1341 3500 1490 3548 conformem
1508 3504 1554 3554 ait.
1582 3505 1662 3570 Adeo,

306 3574 338 3620 ut
352 3570 374 3617 si
393 3570 493 3618 omuino
512 3582 620 3633 aequans
640 3569 715 3616 ctiam
731 3563 759 3615 ln
778 3567 836 3618 Sola
855 3567 1024 3615 admittendus
1049 3568 1093 3626 sit,
1123 3580 1167 3625 ego
1190 3564 1352 3634 praetulsrlm
1376 3570 1502 3629 geminum
1520 3573 1662 3635 splcyclum

308 3638 482 3699 diagrammati
500 3638 644 3698 Msginiauo
661 3652 717 3700 pag.
736 3636 795 3690 256.
815 3635 903 3700 80001.
923 3637 996 3699 Eph,
1013 3638 1063 3685 nisi
1074 3635 1166 3683 malim
1184 3636 1228 3691 ΑΒ
1247 3638 1453 3688 accentrlcltatcm
1469 3644 1544 3702 Juxta
1561 3644 1662 3694 Terram

307 3712 332 3756 st
349 3708 390 3758 OB
408 3709 507 3757 radlnm
524 3709 646 3769 simplicit
665 3707 777 3770 epicycli
813 3708 921 3770 Qusdso,
939 3709 961 3756 sl
979 3708 1039 3756 haec
1057 3720 1166 3768 erronea,
1184 3708 1306 3781 rationem
1320 3711 1410 3759 erroris
1424 3712 1501 3773 apert
1649 3718 1653 3727 ’

277 3848 281 3852 .
383 3797 598 3882 ’Κο0100000
635 3803 1111 3867 1100100000οε’0000001000110
1135 3803 1260 3865 Lunaris
1281 3804 1416 3883 disputas
1439 3810 1571 3884 seorsim,
1595 3808 1663 3872 cum

307 3909 361 3969 ego
384 3892 461 3952 hauc
483 3891 659 3969 generaliter
673 3900 764 3967 tuear,
789 3897 817 3952 in
833 3893 949 3954 Lunam
962 3889 1146 3971 potissimum
1161 3886 1279 3972 propter
1293 3888 1461 3971 analogiam
1476 3913 1541 3956 cum
1557 3902 1661 3959 ceteris

307 3979 503 4054 introducam,
534 3982 589 4041 etei
612 3988 716 4057 postea
739 3989 767 4042 et
790 3981 924 4041 diametri
946 3982 1062 4042 Itunae
1077 3982 1202 4042 variatio
1231 3983 1305 4043 bene
1328 3999 1393 4042 cum
1416 3983 1471 4043 hac
1499 3984 1661 4048 blacerione

309 4060 468 4130 convenire
488 4067 669 4147 deprehensa
690 4072 737 4129 sit.
782 4070 826 4133 Ex
848 4070 972 4148 physica
994 4086 1093 4147 pugno
1115 4071 1169 4146 pro
1198 4066 1373 4146 bisecfione3
1407 4072 1533 4136 tumihi
1555 4074 1661 4151 objicis

308 4158 511 4227 aumoritatem
542 4157 695 4235 Cepernicl
725 4163 888 4234 putasque,
928 4174 992 4218 eam
1023 4175 1069 4218 me
1099 4160 1294 4235 necessariam
1322 4158 1393 4217 mihi
1422 4160 1542 4235 lesisse,
1580 4162 1684 4241 qnod,

308 4246 504 4306 astronomiae
527 4243 744 4321 Copcmiceuae
767 4244 902 4321 profitear
924 4244 1089 4322 Epitomcn.
1134 4242 1182 4303 Ad
1211 4244 1268 4305 000
1294 4244 1358 4322 jam
1389 4244 1499 4307 dudum
1521 4248 1659 4328 respondi

308 4333 357 4393 lol.
383 4335 454 4406 674,
477 4332 529 4390 ubi
548 4332 634 4407 juxta
656 4349 761 4407 causas
784 4332 932 4411 physicas,
956 4331 991 4393 de
1014 4333 1119 4415 quibus
1142 4332 1198 4404 hic,
1221 4332 1313 4393 habes
1335 4337 1540 4397 necessitatem
1562 4346 1660 4400 0000·

307 4423 461 4494 nomicam,
484 4414 645 4495 simplicem
667 4422 696 4477 iu
720 4420 852 4499 singulis,
876 4423 906 4478 in
921 4419 989 4482 Sola
1009 4437 1078 4481 vero
1099 4420 1316 4499 quintuplicem,
1338 4429 1436 4484 cerda
1453 4421 1658 4505 00100000.

308 4510 495 4569 Astronomia
523 4502 610 4584 docel
631 4519 691 4566 rem
720 4516 989 4585 praeterpropter,
1022 4510 1064 4569 sic
1086 4515 1197 4584 tamen,
1229 4519 1263 4569 ut
1281 4512 1369 4571 etiam
1390 4510 1586 4574 Ptolemaeus·
1602 4514 1660 4574 du-

309 4596 413 4675 plicem
436 4597 536 4656 iecerit
556 4596 800 4659 eceentricltatem
823 4597 990 4683 aequantia,
1020 4597 1144 4674 physica
1164 4615 1235 4658 vero
1258 4599 1447 4680 bisectlonem
1469 4603 1659 4663 accuratissl⁴

311 4703 388 4744 mam
409 4686 537 4762 requirit.
583 4682 761 4761 (lopernicus
784 4700 841 4743 000
863 4701 935 4743 0000
959 4691 1002 4744 est
1023 4687 1137 4750 ratione
1159 4683 1248 4765 dupla
1277 4688 1308 4746 in
1330 4687 1544 4749 conformandis
1566 4693 1659 4752 semi·

311 4771 458 4832 <flumenis
482 4771 692 4850 epicyclorum,
716 4769 790 4831 alias
811 4787 869 4830 000
893 4780 972 4832 esset
990 4771 1224 4851 'aequipollentia
1238 4776 1312 4836 inter
1326 4778 1421 4853 ipsum
1444 4784 1475 4837 et
1496 4788 1658 4855 aequantes

310 4859 515 4928 Ptolomeicus.
549 4859 607 4923 Sed
622 4866 740 4934 coactus
755 4866 799 4918 est
813 4861 926 4919 ratione
949 4860 1035 4938 tripla
1058 4864 1110 4937 uti,
1133 4870 1166 4931 ut
1186 4863 1306 4940 plancta
1332 4863 1506 4926 subtrahens
1527 4866 1658 4939 addens·

312 4961 369 5025 que
392 4949 526 5008 ternario⁹
544 4944 685 5010 uditatem
708 4950 896 5010 constitueret
919 4950 938 5007 2
962 4948 1069 5026 0014,
1100 4952 1242 5013 rationem
1270 4950 1389 5030 duplam
1410 4951 1658 5019 Ptolemaicarnm
