3609 5767
305 506 343 572 12
657 511 690 565 ln
713 510 858 580 Epitomen
881 510 1069 566 astronomiae
1088 506 1289 579 Copemicanae

304 691 438 758 netamm
460 691 620 765 eccentrici,
643 688 767 751 libroV.
792 688 937 770 descripti,
961 687 1137 751 concordant
1160 693 1225 751 cum
1248 686 1499 748 observationibus
1521 692 1651 746 tantum-

304 775 422 834 modo
416 794 443 833 rn
467 780 582 853 punctis
604 796 739 838 verarum
762 781 980 856 oppositionum
1008 778 1148 855 cujusque
1172 795 1237 837 cum
1260 773 1345 851 Sole,
1375 778 1404 832 in
1426 774 1499 834 loci's
1522 774 1589 843 aliis
1612 774 1649 833 ab

308 861 364 919 illis
388 862 553 941 discreparit
585 873 612 925 et
635 866 803 942 inaequales
834 874 915 940 sunt,
948 868 989 925 ita
1020 873 1052 924 ut
1084 863 1144 924 alio
1168 872 1301 944 tempore
1318 863 1454 938 deinces,
1484 861 1543 921 alio
1566 861 1650 931 tardi,

305 948 364 1009 alio
389 953 556 1028 retrogradi,
579 953 637 1014 aliu
655 953 785 1031 denique
808 942 978 1013 stationarii
995 960 1163 1013 cernantur
1201 952 1304 1013 Caucis
1328 951 1429 1011 harum
1453 949 1651 1026 irregularita-

303 1044 365 1095 tum
388 1056 441 1114 per
461 1039 583 1116 liguram
607 1040 757 1120 explicatis
780 1042 901 1101 additae
923 1039 991 1100 sunt
1014 1038 1131 1100 tabulae
1154 1039 1365 1132 periodicorum
1388 1046 1517 1097 motuum
1535 1045 1565 1098 et
1580 1055 1649 1116 pro-

304 1127 452 1201 portiones
481 1129 610 1202 nrbium·,
641 1130 708 1188 loca
741 1130 922 1206 apbeliorum
954 1132 982 1186 in
1007 1128 1142 1205 ecliptica
1165 1145 1323 1204 eorumque
1345 1134 1449 1186 mutus.
1478 1124 1651 1196 ,Jamadu

303 1212 449 1291 Keplerus
471 1216 635 1292 parallarres
659 1217 784 1292 orbium,
804 1217 973 1300 latitudines
1000 1215 1192 1293 planetarum,
1217 1216 1397 1293 distinguens
1420 1216 1495 1272 inter
1517 1213 1650 1275 latitudi-

301 1317 368 1359 nem
392 1310 421 1361 et
446 1303 701 1377 ,inclinationem“
728 1302 757 1364 et
779 1305 849 1363 finit
864 1304 939 1384 banc
961 1312 1072 1381 partem
1095 1304 1310 1376 demonstrans,
1341 1320 1399 1380 qua
1426 1295 1537 1361 ratione
1564 1303 1650 1360 inre-

302 1389 399 1447 niatur
435 1384 579 1469 latitudo,
616 1400 644 1452 et
681 1400 807 1469 quantae
842 1395 901 1478 sint
936 1391 1107 1469 latitudines
1145 1391 1328 1470 planetarum
1363 1392 1543 1467 superiorum
1582 1409 1647 1449 rna·

300 1477 406 1538 rimae.

391 1560 681 1626 Purstertiu.1)c
710 1565 834 1643 plantetis
864 1566 1057 1628 interioribus.
1105 1565 1218 1626 Causae
1248 1569 1471 1638 enumerantur,
1502 1581 1552 1623 cnr
1578 1564 1650 1624 iria

301 1654 501 1728 superioribus
523 1656 650 1734 separati
676 1654 904 1730 considerentur,
928 1654 994 1714 dein
1018 1661 1114 1714 nrotus
1137 1659 1310 1731 apparentes
1332 1659 1516 1713 recensentur
1541 1659 1650 1729 etqua

301 1742 415 1800 ratione
438 1759 457 1800 a
479 1744 606 1820 motibus
629 1744 836 1819 apparentibus
858 1741 896 1803 ad
919 1751 1015 1804 mutus
1030 1760 1116 1802 veros
1132 1741 1312 1801 deveniatur.
1348 1725 1567 1816 Argumentum,
1592 1758 1650 1816 qno

302 1829 453 1907 probatur,
476 1830 610 1906 planetas
632 1829 687 1888 bos
710 1832 785 1890 circa
809 1829 908 1890 Solem
931 1833 959 1888 in
983 1848 1086 1909 gyrum
1110 1832 1159 1904 ire,
1182 1847 1198 1888 e
1222 1829 1361 1906 plausibus
1375 1829 1496 1888 Veneris
1521 1828 1650 1887 desumi·

302 1923 357 1974 tur.
404 1917 450 1977 De
479 1916 553 1976 locis
581 1916 762 1994 apheliornm
792 1936 949 1996 corumque
980 1926 1069 1977 motu.
1114 1916 1259 1995 Keplertrs
1281 1933 1433 1975 recensens
1457 1915 1651 1977 distantiasa

237 2081 238 2088 ἵ
303 1998 371 2062 Sole
396 2004 555 2063 secundum
579 2004 770 2083 Copernicnm
793 2024 897 2066 causas
920 2005 1011 2085 addit,
1035 2001 1141 2082 quibus
1165 2004 1333 2064 illemotus
1355 2006 1441 2063 unico
1468 2001 1650 2081 planetarum

303 2091 366 2149 orbi
397 2090 471 2151 alios
505 2091 747 2170 superaddiderit
794 2094 909 2153 Causae
932 2096 1091 2168 stationum
1114 2102 1143 2153 ct
1164 2086 1458 2168 retrogradationunr
1467 2092 1650 2169 planetarum

304 2179 471 2238 interiorum
494 2180 595 2266 eadem
618 2183 729 2240 ratione
753 2189 782 2241 et
805 2181 913 2259 figura,
944 2183 1054 2260 quain
1078 2180 1276 2260 superioribus
1305 2180 1474 2254 traduntur,
1500 2178 1565 2241 loca
1597 2198 1652 2240 no·

299 2257 413 2383 dprum,
438 2255 617 2343 quantitates
641 2267 827 2328 latitudinum
851 2269 937 2328 finem
959 2270 1070 2328 iaciunt
1091 2270 1182 2351 partis
1205 2270 1353 2327 tertiac'

390 2355 472 2413 Pars
494 2364 617 2434 quarta.
662 2357 707 2416 De
731 2356 822 2417 Luna.
867 2353 970 2420 Lunae
994 2365 1091 2415 motus
1115 2354 1284 2431 'raraequales
1307 2348 1518 2433 quidemsrint,
1541 2361 1652 2413 utmo-

244 2453 247 2458 ’
286 2445 347 2502 ¹tus
369 2420 552 2521 planetarum
575 2435 793 2521 primariorum
828 2449 934 2504 causae
958 2462 1025 2503 veru
1048 2444 1151 2503 barum
1174 2444 1445 2519 inaequalitatum
1437 2461 1466 2499 ιιι
1488 2439 1573 2501 luna
1595 2460 1651 2501 nun

296 2521 388 2609 'plane
413 2529 532 2591 eaedem
548 2538 623 2591 sunt
646 2550 721 2608 quac
736 2536 765 2589 in
780 2532 916 2609 planetis,
941 2548 1004 2590 cnm
1028 2532 1106 2606 illae,
1131 2549 1219 2615 quae
1228 2549 1279 2608 per
1301 2538 1411 2590 motum
1427 2530 1533 2589 Terrae
1548 2529 1653 2608 plane·

297 2619 340 2676 tis
363 2617 523 2702 accedunt,
553 2621 581 2683 in
604 2619 703 2693 Luna,
735 2637 810 2696 quae
832 2610 955 2680 eundem
979 2638 1044 2679 cum
1066 2619 1156 2679 Terra
1178 2606 1288 2678 motum
1320 2618 1423 2691 babet,
1455 2627 1652 2693 evanescant3

263 2700 266 2706 ’
295 2722 410 2783 qnare
406 2711 513 2775 motus
535 2707 637 2787 Lunae
668 2725 782 2784 semper
814 2715 857 2766 cst
886 2698 1067 2782 directus,'
1066 2724 1119 2765 nec
1150 2725 1278 2782 unquam
1308 2706 1424 2765 uidetur
1453 2699 1651 2772 stationarius

207 2800 211 2808 '
287 2788 437 2880 'liausne
430 2794 689 2872 inaequalitatum
713 2794 813 2863 Lunae
836 2802 921 2854 sunt:
945 2796 1143 2854 eccenbicitas
1168 2795 1245 2854 orbis
1268 2794 1407 2868 lunaris,
1430 2796 1522 2852 rirtus
1546 2793 1653 2854 Terrae

296 2860 427 2977 Luhp'm
442 2880 637 2943 diversimode
660 2897 796 2957 movens,
821 2884 867 2941 ris
890 2901 905 2942 c
929 2881 998 2941 Sele
1020 2882 1156 2960 prodiens
1178 2881 1302 2963 (Lumen
1325 2880 1425 2941 Solare
1449 2881 1518 2939 dicit
1539 2880 1652 2959 Keplc-

296 2951 375 3047 rds)3
407 2968 452 3028 ltis
485 2971 628 3031 accedunt
657 2972 805 3067 temporis
817 2972 956 3046 aequatio
980 2976 1010 3029 et
1031 2970 1187 3047 parallaxis
1211 2969 1322 3031 diurna.
1366 2969 1421 3028 His
1444 2962 1578 3036 Lunae'
1570 2988 1653 3029 inae·

240 3076 244 3085 ·
282 3051 492 3139 'qualitatibus
523 3058 618 3117 hunc
627 3046 735 3117 dantur
762 3060 896 3133 n'omina:
921 3057 1115 3137 inaequalitas
1138 3056 1251 3130 soluta,
1275 3074 1357 3117 stram
1380 3058 1526 3136 propriam
1550 3058 1652 3117 obser-

242 3196 246 3203 .
299 3152 373 3218 vans
395 3144 561 3221 periodum
569 3143 749 3226 (periodica),
774 3153 803 3205 et
824 3145 981 3218 menstrua,
1004 3145 1041 3203 ad
1065 3148 1206 3223 mensium
1229 3143 1335 3222 pheses
1358 3163 1411 3205 seu
1434 3143 1469 3204 ad
1487 3144 1652 3221 configura

265 3264 267 3266 >
296 3233 396 3317 liupes
420 3231 536 3305 Solis,
538 3233 652 3294 Terrae
682 3241 711 3293 et
741 3233 844 3292 Lunae
873 3233 995 3308 alligata
1026 3229 1223 3311 (synodica)3
1240 3240 1416 3304 menstruae
1427 3234 1653 3309 inaequalitates

296 3322 421 3407 jtcrnpa
438 3319 701 3396 subdividuntur
693 3339 722 3379 rn
755 3329 957 3397 temporaneas
984 3318 1012 3378 et
1034 3327 1189 3397 perpetuas
1212 3317 1347 3399 (variatio
1371 3340 1389 3380 a
1411 3319 1550 3398 Tycbonc
1574 3321 1652 3398 dicta

244 3452 248 3462 .
285 3414 345 3466 ,est
367 3407 567 3483 inaequalitas
586 3405 748 3490 perpetua).
793 3408 856 3466 Has
879 3407 1104 3485 inaequalitates
1127 3407 1264 3482 singulas
1271 3406 1416 3483 KepIerns
1439 3407 1651 3483 pluribusin-

238 3508 242 3518 ⁴
296 3496 418 3571 quirit
413 3494 499 3556 bine
522 3499 625 3559 transit
647 3496 685 3555 ad
707 3491 892 3557 latitudinem
915 3496 1016 3555 Lunae
1039 3504 1215 3555 menstruam
1239 3502 1268 3553 et
1289 3495 1392 3554 ultimo
1413 3494 1480 3555 locri
1503 3514 1572 3554 suas
1595 3495 1651 3572 by-

207 3585 209 3588 ’
296 3569 439 3657 potheses
464 3582 499 3643 de
522 3566 607 3643 Luna
630 3597 694 3643 corn
718 3583 879 3643 Brabeanis
901 3592 1066 3660 comparat,
1096 3600 1198 3659 parum
1222 3582 1338 3658 quidem
1363 3590 1514 3658 utramque
1538 3583 1651 3643 differre

232 3707 238 3719 ·
298 3659 478 3734 contendit'
470 3689 498 3727 rn
523 3670 635 3740 calculo
658 3670 847 3749 longitudinis
871 3678 899 3731 et
922 3670 1206 3743 latitudiuisLunae‚
1231 3688 1284 3753 nec
1307 3670 1398 3732 multo
1421 3671 1487 3748 plus
1511 3672 1548 3730 iu
1560 3672 1651 3730 inter·

274 3797 276 3801 -
301 3756 388 3816 vallis
411 3741 522 3832 Lunae,
544 3759 698 3835 plurimum
722 3776 792 3819 vcro
815 3761 844 3816 in
866 3759 958 3818 sorma
980 3766 1119 3817 motuum.

244 3920 247 3929 .
293 3852 298 3865 '
389 3845 469 3904 Pers
492 3850 610 3922 quinta
654 3847 700 3908 De
730 3845 932 3906 communibus
955 3846 1159 3906 allectionibus
1181 3844 1373 3922 planetarum.
1418 3844 1584 3905 Praemisss
1607 3853 1652 3905 est

210 3973 212 3980 ,
299 3930 411 3992 tabella
433 3936 586 4010 synoptica
604 3938 785 4011 pantanum
806 3933 997 4012 planetarum.
1043 3934 1129 3993 Hanc
1157 3942 1274 3993 secutus
1305 3931 1444 3992 tabellam
1474 3932 1573 3994 ordine
1596 3950 1651 3993 suo

301 4018 467 4096 considerat
489 4024 586 4084 varias
608 4023 791 4100 planetarum
813 4023 982 4100 affectiones
1005 4040 1058 4084 seu
1079 4025 1240 4097 pannones.
1300 4020 1332 4096 l)
1353 4019 1496 4081 Omnibus
1519 4036 1652 4081 commu-

299 4104 373 4178 iriter
389 4107 518 4183 accidit,
550 4119 582 4170 ut
612 4113 670 4171 sint
699 4110 774 4169 tardi
806 4110 853 4168 vel
884 4111 1017 4181 veloces,
1047 4113 1125 4168 aucti
1149 4110 1197 4170 vel
1221 4109 1323 4167 minuti
1346 4126 1475 4168 numero.
1522 4109 1553 4181 2)
1577 4108 1652 4169 Cum

288 4193 369 4255 ‘Sole
394 4199 555 4283 comparati
576 4206 644 4257 sunt
668 4215 767 4257 ornnes
789 4197 927 4276 planctae
950 4197 997 4256 rel
1029 4197 1184 4265 orientales
1212 4196 1260 4255 vel
1288 4195 1500 4268 occidentales,
1528 4213 1580 4273 pro
1605 4196 1651 4255 di-

232 4322 236 4331 ·
299 4264 438 4350 uersitat'e
461 4284 569 4365 situum
592 4286 629 4344 ad
653 4284 750 4344 Solem
776 4284 922 4345 diversum
943 4285 1085 4361 praebent
1107 4290 1266 4362 aspectum,
1290 4281 1421 4344 diversos
1445 4292 1524 4345 ortus
1548 4291 1577 4342 et
1600 4302 1651 4343 oc-

280 4389 387 4431 -casus
408 4372 577 4448 sortiuntur.
621 4372 688 4452 (Hic
705 4371 740 4432 dc
756 4373 969 4434 illuminatione
987 4372 1098 4447 Lunae,
1123 4371 1160 4431 de¹
1181 4373 1245 4449 ejus
1269 4371 1388 4443 lumine,
1412 4370 1447 4431 de
1470 4370 1572 4447 regula
1586 4371 1650 4429 Pli-

268 4509 271 4514 .
299 4462 349 4533 nii,
373 4443 474 4517 horam
498 4461 591 4531 noctis
615 4478 631 4518 a
653 4461 727 4518 facie
751 4460 851 4520 Lunae
875 4458 1089 4539 constituendi).
1136 4460 1333 4534 3)Planetae
1357 4462 1430 4518 inter
1445 4476 1476 4518 sc
1491 4461 1651 4535 comparati

278 4547 559 4628 *locumpracbent
581 4546 831 4623 speculationibus
856 4544 1040 4624 astrologicis
1064 4556 1093 4607 ct
1115 4548 1245 4606 theoriae
1268 4547 1491 4606 harmoniarum.
1531 4546 1652 4606 Recen-

302 4642 403 4694 sentur
423 4635 499 4693 varii
522 4642 658 4710 aspectus
680 4633 878 4709 planetarum,
907 4638 1067 4712 praemissa
1088 4634 1257 4694 definitione
1280 4643 1466 4711 aspectuum,
1498 4641 1527 4694 et
1549 4637 1652 4712 paucis

279 4721 527 4798 significationes
559 4721 674 4780 illorum
706 4720 882 4795 asuologica
914 4719 1026 4782 ratione
1059 4720 1219 4787 traduntur.
1266 4720 1296 4800 4)
1314 4722 1394 4792 Δῦιιιιτ
1423 4729 1519 4780 motus
1550 4722 1652 4788 Lunae

301 4809 424 4891 ejusque
445 4810 551 4886 pheses
573 4809 709 4872 facillime
735 4809 925 4867 observentur
948 4818 976 4868 et
1000 4817 1228 4884 cognoscantur,
1253 4808 1336 4869 Luna
1359 4828 1376 4868 a
1399 4806 1531 4885 plurimis
1554 4811 1653 4886 genti·

299 4897 361 4972 bus¹
379 4892 419 4956 ad
440 4904 602 4974 temporum
633 4898 871 4958 constitutionem
899 4895 1067 4971 adhibetur3
1103 4891 1171 4956 binc
1201 4898 1269 4956 arrni
1300 4891 1430 4958 Lunares
1456 4896 1569 4973 politici
1598 4898 1653 4956 orti

282 4989 379 5059 ·snnt,
403 4986 453 5059 qui
476 4987 657 5051 sunt'oolastc'
679 4983 846 5069 duodenum
869 4992 1011 5062 perpetuo
1034 4987 1192 5062 mensium,
1222 4992 1251 5045 et
1274 4986 1370 5064 ltputi,
1393 5002 1433 5045 sc.
1458 4983 1497 5046 ad
1519 4980 1653 5048 Solarem
