3609 5767
150 1644 340 1738 iqudum
363 1645 592 1734 Reverendis,
621 1647 814 1721 illustribus
841 1647 1041 1737 Generosis,
1068 1648 1294 1723 Nobilissimls
1325 1650 1492 1741 strenuis,

152 1767 326 1841 Nobilibus
353 1768 585 1843 Prudentibus
614 1776 679 1844 etc.
721 1770 882 1858 Dominis,
910 1770 1170 1844 Archiducatus
1196 1772 1360 1844 Austriae
1388 1769 1494 1862 supra

281 1889 646 1965 Ouasnm'0rdinlbus
674 1896 739 1966 etc.
787 1886 946 1965 'Dominis
973 1893 1057 1973 meis
1086 1889 1358 1975 Gratiosissimis.
1460 1937 1462 1944 J

232 2074 322 2152 Quod
341 2075 515 2152 Jamdudum
536 2086 605 2156 post
627 2077 706 2139 edita
719 2095 785 2138 mea
807 2076 844 2139 de
866 2076 1109 2138 motibusstellae
1125 2077 1254 2138 Martis
1278 2080 1493 2154 commentaria,

161 2162 342 2226 suadentibus
364 2165 467 2237 amicis
489 2168 685 2228 astronomiae
707 2162 817 2244 peritis,
839 2164 973 2227 iactitare
987 2168 1086 2243 coepi,
1114 2173 1146 2224 ut
1166 2182 1275 2225 novam
1296 2164 1377 2229 illam
1399 2175 1495 2227 asbo-

161 2253 263 2312 romiae
286 2250 342 2312 sub
364 2250 563 2334 liudolpho
586 2253 713 2316 Caesone
743 2259 922 2314 restauratae
944 2252 1065 2312 iormam
1089 2251 1260 2330 compendio
1290 2253 1495 2331 complecterer

164 2338 355 2408 etm‘noribua
377 2341 464 2422 quasi
478 2339 626 2404 subselliis
647 2340 906 2415 accommodarem,
930 2348 971 2413 ut,
994 2342 1063 2418 quia
1077 2356 1136 2399 nou
1150 2339 1265 2401 reticius
1280 2340 1400 2401 discitur
1421 2342 1495 2403 haec

164 2426 289 2506 seleutia,
313 2443 403 2503 quam
424 2429 459 2502 si,
475 2431 534 2505 qui
555 2427 681 2490 fructum
692 2428 758 2506 ejus
781 2426 872 2489 adulti
894 2430 1043 2505 percipere
1066 2429 1200 2509 cupiunt,
1229 2429 1259 2487 in
1281 2446 1317 2489 ea
1337 2438 1495 2496 sementem

165 2515 230 2586 pueri
263 2514 390 2588 iaciant,
423 2514 511 2584 simul
543 2515 587 2576 ilii
618 2524 649 2578 et
676 2515 818 2578 facilitate
845 2514 1110 2594 comprehensionis
1141 2523 1170 2575 et
1195 2516 1281 2593 pretii
1304 2514 1495 2577 diminutione

167 2602 295 2678 copiaque
314 2601 399 2677 justa
422 2602 631 2680 exemplarium
649 2603 838 2681 juvarentur,
863 2602 891 2662 id
907 2611 977 2664 tuuc
997 2601 1044 2663 vel
1064 2604 1188 2663 maxime
1202 2602 1409 2680 perficiendum
1424 2602 1495 2664 mihi

166 2691 264 2763 curui,
289 2696 449 2766 postquam
470 2692 658 2754 concessione
680 2690 729 2751 δ”
756 2690 806 2752 0¹·
830 2689 895 2750 Mi·
928 2698 958 2751 et
978 2687 1153 2751 liberalitate
1176 2700 1286 2764 restra,
1306 2689 1496 2766 Procerus,

169 2769 284 2835 bircium
307 2775 484 2852 translatus,
515 2777 592 2843 iores
614 2778 684 2838 mibi
706 2780 886 2857 patefactum
909 2779 944 2837 iri
965 2778 1098 2855 speravi,
1127 2775 1346 2839 Nobilissimum
1369 2786 1496 2840 vestram

165 2857 331 2932 iuventutem
360 2872 495 2927 oretenus
523 2867 553 2925 iu
575 2866 631 2928 bac
653 2867 776 2928 scicntia
805 2863 985 2927 instituendi.
1032 2863 1207 2942 Quanquam
1235 2884 1271 2926 oe
1299 2864 1356 2927 hoc
1378 2864 1495 2945 quidem

169 2954 273 3011 ransitu
294 2967 362 3012 meo
384 2969 483 3014 morae
512 2953 675 3015 studiorum
697 2970 827 3015 meorum
848 2951 1092 3031 publicandorum
1121 2969 1221 3014 omnes
1249 2954 1329 3014 iuere
1351 2952 1494 3014 sublatae.
1578 3016 1587 3033 ,

171 3030 225 3097 Cum
247 3041 324 3099 enim
346 3038 511 3102 laboriosae
532 3058 591 3101 non
614 3044 711 3101 minus
733 3059 822 3118 qnam
843 3048 1014 3102 sumtuosac
1039 3042 1098 3101 siut
1120 3039 1262 3102 editiones
1283 3040 1494 3118 hujuscemodi,
1522 3074 1528 3086 ·

168 3134 193 3180 tx
219 3142 275 3186 uua
295 3133 379 3203 parte
406 3127 551 3204 solitudo,
583 3146 620 3189 ex
647 3128 741 3190 altere
771 3130 867 3190 tenuis
897 3146 943 3189 res
965 3146 1032 3191 mea
1052 3126 1237 3188 difficillima
1265 3127 1335 3188 mihi
1367 3128 1497 3189 iecerunt

168 3210 313 3292 obnupia5
335 3215 494 3293 pepigique
507 3218 682 3278 necessitate
697 3215 864 3295 compulsus
881 3234 947 3277 cum
962 3214 1126 3294 bibliopola
1140 3201 1328 3294 Augustaqu
1348 3223 1382 3276 ut
1395 3233 1495 3287 exem·

167 3293 232 3369 plum
253 3301 405 3378 Epitomes
426 3302 516 3380 huJus
545 3302 646 3366 ederet
673 3306 735 3364 suia
758 3305 918 3378 sumtibus,
951 3302 1030 3381 quod
1053 3312 1083 3364 et
1109 3303 1305 3365 selectorum
1328 3305 1438 3381 recepit
1467 3309 1497 3381 et

167 3382 303 3462 lpitomeu
337 3386 414 3451 hauc
444 3390 641 3452 nundinarum
667 3391 955 3455 Francoiurteusium
991 3390 1139 3469 catalogo,
1162 3399 1231 3460 ante
1264 3389 1338 3451 duos
1369 3390 1495 3469 amplius

169 3487 245 3535 sonos
265 3478 397 3538 inseruit.
444 3477 637 3539 Commodum
660 3487 759 3540 autem
781 3480 951 3558 supervenit
971 3477 1058 3537 nobis
1080 3478 1296 3557 typographus,
1326 3494 1385 3555 quo
1407 3495 1495 3556 prae·

167 3570 232 3622 sente
253 3564 326 3623 mihi
348 3567 527 3626 correctione
550 3569 613 3645 typi
641 3574 671 3627 et
692 3566 847 3645 multiplici
870 3565 1025 3627 relectione
1053 3569 1169 3645 speravi
1196 3584 1244 3627 me
1265 3565 1438 3643 perfectiora
1466 3573 1496 3627 et

165 3649 345 3712 emendatiora
368 3654 467 3716 omnia
489 3652 695 3725 exhibiturum.
739 3655 832 3732 Atqui
855 3661 956 3736 comba
978 3652 1141 3731 bibliopola
1163 3671 1246 3714 meus
1267 3654 1393 3732 gravari,
1416 3649 1497 3731 quod

162 3729 239 3797 Lincii
261 3746 376 3799 sumtus
399 3749 498 3801 emant
519 3740 645 3802 laciendi
669 3750 698 3802 et
720 3742 847 3821 majores
871 3749 900 3802 et
915 3742 1080 3819 importuno
1096 3739 1171 3816 loco,
1194 3758 1290 3818 neque
1304 3750 1401 3804 tamen
1423 3740 1495 3800 mihi

160 3827 288 3887 remittere
311 3828 490 3908 pactionem,
512 3844 609 3905 neque
628 3829 689 3906 juri
710 3846 765 3890 suo
788 3829 825 3890 de
845 3827 948 3890 libello
971 3826 1142 3889 excudendo
1165 3829 1343 3904 renunciare,
1367 3828 1494 3889 iactum-

159 3923 204 3984 que
223 3915 456 3977 mecledonibus
479 3917 584 3990 carih,
616 3924 649 3981 ut
670 3915 744 3979 haec
766 3916 858 3986 solius
880 3915 1030 3978 doctrinae
1052 3914 1222 3993 sphaericae
1250 3912 1340 3977 editio
1371 3933 1425 3977 oec
1447 3918 1494 3975 iu·

157 3998 284 4074 ciperetur
305 4009 375 4063 ants
396 4005 606 4081 aesquiaunum
628 4022 653 4065 a
669 4007 806 4081 pactione
828 4011 929 4065 nosba
950 4011 980 4064 et
994 4004 1118 4083 ‚incepta
1139 4003 1217 4065 ultra
1238 4021 1347 4065 aunum
1370 4003 1493 4064 alterum

157 4085 318 4163 bahaetnr,
343 4088 478 4168 adeoque
499 4092 556 4151 nisi
579 4092 692 4169 p'artem
715 4085 863 4152 sumtuum
886 4092 950 4170 ipse
964 4091 1197 4172 suppeditassem
1220 4106 1494 4174 operasquequam

154 4178 227 4248 potui
248 4176 499 4258 commodissimas
523 4174 595 4260 (etsi
617 4178 759 4258 meliores
772 4174 891 4260 optavi)
915 4178 1130 4256 conduxisaem,
1152 4180 1320 4258 imperfecta
1336 4179 1493 4240 etiamnum

153 4270 269 4325 emtrret
289 4263 391 4327 editio.
743 4314 745 4323 .
1224 4322 1225 4325 ,

225 4351 291 4414 Non
313 4351 402 4414 debet
423 4359 524 4415 autem
545 4352 658 4414 mutuis
682 4352 731 4414 rel
754 4356 852 4416 otiosa
874 4352 968 4415 videri
990 4355 1125 4432 repetitio
1141 4357 1199 4416 ista
1219 4354 1367 4416 doctrinae
1382 4348 1492 4428 sphae-

111 4508 113 4516 Δ
148 4438 231 4513 ricae,
254 4442 340 4517 quasi
362 4448 431 4518 post
448 4439 739 4516 *vetarumliuclidiq
763 4441 857 4515 Asati,
882 4440 1058 4515 Cleomcdis,
1082 4442 1207 4518 Gemini,
1230 4438 1335 4514 Procli,
1360 4437 1490 4498 Theonis

146 4529 361 4604 conceptiones,
392 4535 446 4589 aut
469 4538 539 4606 post
558 4531 766 4604 recentiorum,
798 4528 978 4596 Sahrobosci
1003 4531 1138 4592 nimbum
1168 4537 1198 4592 et
1227 4528 1403 4589 infinitorum
1426 4522 1490 4599 ejrra

146 4621 398 4676 commentatorum
428 4616 561 4693 interque
590 4634 642 4679 eoa
673 4615 835 4678 doctissimi
866 4624 897 4677 et
930 4616 1124 4697 copiosissimi
1156 4613 1355 4692 christophori
1386 4610 1492 4684 clasii,

144 4697 315 4762 hertmanm
338 4704 427 4764 etism
450 4712 480 4766 et
502 4704 658 4783 voroangi,
682 4704 834 4766 Wurstisii
856 4711 886 4766 et
907 4703 1040 4777 Peuceri,
1063 4700 1302 4767 Schreekeuiuxii
1324 4706 1354 4758 et
1375 4696 1493 4759 Piccol-

141 4787 275 4864 homiuei,
297 4788 431 4867 Brucaei,
454 4792 641 4868 Wiushemli,
663 4790 814 4853 Maestlim
836 4800 866 4853 et
886 4793 1039 4854 novissimi
1055 4794 1184 4852 omnium
1199 4788 1284 4858 hietii
1295 4788 1492 4864 repetitiones,

138 4883 206 4953 post
226 4876 417 4953 Peurbaehii,
448 4878 608 4942 Reinholdi
637 4885 667 4951 ct
689 4878 762 4942 simi
784 4874 959 4953 Theoricas,
991 4896 1081 4940 causa
1102 4877 1184 4937 nulla
1212 4881 1316 4947 restet,
1348 4890 1399 4940 cur
1419 4872 1493 4935 haec

139 4962 270 5026 doctmna
293 4964 511 5043 compendiaria
534 4967 630 5029 denuo
654 4965 794 5031 tradatur.
840 4966 915 5028 Nam
930 4969 1032 5045 primo,
1057 4967 1111 5031 etei
1133 4960 1207 5023 nihil
1227 4962 1401 5023 accessisset
1424 4965 1493 5022 roovi

1120 5065 1286 5124 .3.
