3609 5767
294 515 314 571 4
395 548 407 569 ,
656 481 688 563 Iu
712 507 857 579 Epitomen
874 507 1063 566 Ashonomiae
1081 507 1282 580 dopemicauae

294 686 373 746 tibus
396 692 425 745 et
446 688 476 745 in
497 684 659 747 Harmonia
681 705 760 750 nova
781 692 956 751 astronomis
979 690 1085 751 tradita
1106 697 1203 760 erant,
1237 695 1267 749 et
1288 703 1364 764 quac
1387 702 1442 762 ope
1465 686 1527 747 tubi
1550 686 1641 762 optici

295 772 446 834 Galilaeus
475 781 505 834 et
525 773 581 853 {Jo
605 776 757 837 Fabricius
787 780 816 836 in
845 780 932 839 coelo
960 781 1100 839 memoria
1128 778 1216 855 digua
1238 776 1278 837 ad
1299 773 1528 853 promovendam
1550 781 1641 833 artem

293 864 473 922 invenerant
518 862 621 922 Insunt
648 866 736 941 igitur
758 865 826 925 huic
849 869 930 944 operi
961 867 1080 943 ,leges“
1111 884 1130 926 a
1155 866 1283 943 Keplero
1314 867 1464 938 iuventae,
1498 861 1647 939 Tychonis

294 950 531 1010 observationum
552 951 682 1027 historia,
706 952 814 1030 placita
836 953 985 1033 Tychonis
1001 955 1037 1015 dc
1052 961 1133 1014 motu
1150 962 1180 1014 et
1195 953 1314 1013 orbibus
1328 950 1512 1027 planetarum
1527 955 1645 1010 eorum·

294 1057 351 1115 qne
375 1038 519 1097 distantiis
542 1057 561 1097 a
581 1037 650 1099 Sole
673 1048 702 1100 et
723 1040 822 1115 Terra,
846 1051 875 1101 et
891 1042 991 1102 Lunae
1007 1043 1120 1103 theoria
1135 1040 1275 1118 ejusdem,
1298 1040 1420 1099 historia
1435 1055 1544 1111 eorum,
1568 1054 1644 1113 quac

294 1125 445 1196 Galilaeus
461 1133 490 1186 et
503 1125 603 1185 Simon
619 1126 731 1187 Marius
748 1131 776 1186 in
791 1129 892 1189 Lunae
908 1131 1069 1207 superficie,
1092 1132 1123 1189 iu
1137 1130 1260 1189 Veneris
1282 1134 1311 1186 et
1334 1126 1470 1186 Mercurii
1494 1126 1645 1184 illumina-

294 1217 387 1289 tione,
417 1216 446 1271 iu
475 1212 553 1290 ,love
582 1222 611 1274 ct
639 1213 765 1275 Saturno
797 1216 982 1292 detexerant,
1013 1235 1066 1278 nec
1094 1234 1152 1276 uon
1181 1215 1301 1293 Kepleri
1324 1216 1417 1292 ipsius
1439 1216 1586 1273 sententia
1608 1211 1644 1270 de

294 1309 376 1361 motu
399 1300 476 1361 Solis
499 1304 575 1361 circa
597 1320 681 1363 arem
705 1321 798 1378 snum,
822 1323 911 1380 quam
933 1305 1073 1365 fulciebat
1094 1303 1225 1379 maculis,
1250 1320 1324 1379 quas
1346 1300 1397 1364 Jo.
1411 1301 1566 1362 ‘Fabricius
1580 1302 1643 1377 pri·

292 1408 357 1449 mus
385 1390 414 1446 in
442 1389 511 1449 Sole
538 1400 742 1466 conspexerat,
774 1410 825 1469 per
851 1391 929 1452 Solis
957 1393 1140 1471 superficiem
1168 1410 1200 1453 se
1221 1390 1479 1468 promoventibus.
1525 1389 1641 1448 Novam

293 1478 418 1553 denique
441 1476 571 1535 condidit
584 1478 729 1556 Keplcrus
751 1482 780 1537 in
803 1479 860 1539 hoc
882 1498 970 1558 opere
993 1482 1135 1541 theoriam
1158 1487 1290 1540 motuum
1307 1478 1409 1537 Lunae
1433 1476 1644 1553 deliquiorum-

294 1583 351 1642 quc
373 1563 518 1625 Solarium
541 1575 570 1625 et
591 1566 761 1643 bunarium,
785 1567 943 1629 emendans
966 1577 995 1629 et
1016 1569 1200 1646 locupletans
1222 1585 1266 1643 ea,
1291 1583 1368 1643 quae
1382 1565 1488 1643 Tycho
1504 1568 1533 1623 iu
1551 1564 1645 1642 ,Pro-

79 1652 118 1671 ‘'
179 1732 180 1738 ἵ
295 1655 565 1732 gymnasmatibus“
590 1653 729 1714 edixerat.
1416 1681 1421 1689 ·

379 1739 419 1803 Ut
442 1741 544 1800 eadem
565 1744 677 1802 ratione
706 1760 764 1817 qua
798 1745 826 1801 iu
858 1745 1025 1819 praemissis
1047 1742 1246 1804 voluminibus
1274 1739 1482 1819 procedamus,
1516 1739 1643 1816 singula,

294 1846 370 1905 quae
392 1831 491 1887 insunt
513 1833 646 1905 sequenti
670 1831 759 1905 operi,
783 1829 884 1890 ordine
910 1832 1134 1893 recensebimus.

381 1916 473 1976 Liber
496 1916 521 1974 1.
545 1919 674 1994 quinque
697 1919 830 1994 partibus
852 1921 996 1996 principia
1018 1919 1107 1980 tradit
1132 1919 1346 1994 „astronomiae
1368 1919 1519 2000 ingenere
1535 1913 1644 1974 doctri-

293 2021 407 2081 naeque
437 2004 606 2080 sphaericae
634 2007 664 2063 iu
694 2007 822 2082 specie.“
868 2006 1041 2067 Praemissis
1069 2005 1285 2067 definitionibus
1308 2004 1370 2064 adit
1391 2003 1537 2080 Keplcrus
1556 2010 1646 2078 purte

292 2095 396 2167 primo
426 2095 632 2151 astronomiam
662 2095 774 2169 ipsam,
805 2093 927 2171 figuram
955 2095 1063 2156 Terrae
1093 2095 1247 2154 rotundam
1276 2092 1473 2164 demonstrat,
1512 2089 1643 2166 ejusdem

293 2179 521 2258 magnitudinem
543 2179 749 2241 dimetiendam
772 2180 873 2256 docet,
901 2186 1003 2259 paucis
1030 2200 1168 2244 enarrans
1191 2190 1322 2244 vemrnm
1354 2179 1390 2240 da
1423 2179 1516 2255 figura
1532 2177 1646 2262 Terrae

200 2317 204 2328 .
293 2269 445 2344 opiniones
468 2276 497 2326 et
520 2275 642 2331 conatus
665 2261 747 2330 illam
769 2268 948 2334 dimetiendi.
994 2271 1088 2331 Parte
1108 2271 1242 2331 secuoda
1263 2270 1367 2329 transit
1392 2265 1430 2327 ad
1444 2264 1546 2327 stellas
1562 2266 1675 2339 lixas,-

292 2354 328 2415 de
352 2373 451 2416 earum
473 2355 664 2431 dispositione
691 2359 769 2419 circa
790 2358 926 2432 Terram,
957 2376 1057 2430 earum
1086 2358 1305 2435 magnitudine,
1337 2356 1492 2431 dicuntia,
1522 2370 1643 2413 numero

292 2445 362 2502 certi
384 2441 502 2519 quidem
523 2461 576 2519 pro
598 2461 629 2504 re
645 2451 715 2503 nata
729 2445 800 2503 nihil
812 2447 1016 2522 pronuncians,
1040 2445 1205 2523 probabilia
1219 2453 1333 2505 tautum
1349 2450 1525 2521 propoueua.
1553 2441 1646 2501 'Haec

292 2530 486 2591 consideratio
508 2530 628 2593 abducit
649 2530 807 2608 Keplerum
831 2533 869 2617 ad
891 2529 1094 2611 quaestionem
1116 2533 1153 2594 dc
1175 2533 1256 2593 linito
1279 2539 1309 2592 et
1330 2531 1452 2605 infinito,
1477 2529 1642 2593 denatura

292 2635 454 2695 corporum,
470 2617 567 2695 planis
591 2627 620 2678 ct
642 2620 801 2695 sphaericis
825 2622 1034 2698 superficiebus
1057 2622 1339 2699 comprehensorum,
1363 2636 1428 2696 qua.
1444 2618 1652 2696 speculatione

291 2705 436 2782 Keplcrus
458 2715 613 2768 revocatur
625 2707 683 2781 'ad'
695 2709 930 2770 mathematicam
952 2719 982 2771 et
997 2711 1124 2787 opticam
1140 2708 1425 2781 demonstrationem,
1449 2706 1557 2779 Solem,
1582 2704 1646 2764 Lu·

291 2811 360 2856 uam
383 2801 411 2854 et
433 2794 567 2871 planetas
589 2813 653 2856 esse
675 2795 780 2872 globos
809 2797 931 2857 solidos.
978 2799 1059 2857 Pura
1080 2800 1188 2857 mnia:
1215 2798 1262 2857 De
1291 2803 1396 2856 natura
1426 2801 1456 2855 et
1486 2791 1645 2854 altitudine
1709 2799 1712 2805 '

292 2885 377 2942 aeris.
420 2882 565 2960 Keplcrus
596 2882 747 2960 distinguit
767 2887 852 2949 inter
877 2890 991 2960 adrem,
1025 2887 1096 2962 ,qui
1124 2889 1174 2946 vix
1204 2884 1326 2946 exedit·
1340 2899 1477 2960 suprema
1498 2882 1643 2944 montium

289 2971 383 3047 jugal‘
407 2978 437 3031 ct
460 2971 615 3046 aetherem,
638 2989 690 3049 per
709 2979 803 3032 totum
827 2974 997 3033 uuiversum
1022 2974 1120 3033 fusum
1141 2970 1202 3053 (cir.
1219 2971 1356 3051 Opticam
1371 2969 1429 3031 sol.
1447 2969 1487 3029 11.
1503 2971 1647 3047 passim);

292 3062 391 3127 adremv
411 3057 482 3118 dicit
504 3058 599 3120 colore
621 3060 755 3120 caeruleo
779 3064 919 3135 tinctum,
941 3061 1054 3122 aetheri
1075 3061 1252 3138 quandoque
1274 3061 1429 3120 immisceri
1451 3056 1564 3134 aliquid
1586 3058 1644 3116 im-

260 3209 263 3214 <
292 3162 412 3224 purum,
444 3146 518 3206 aliae
548 3147 625 3207 huuc
647 3165 711 3207 esse
732 3150 937 3229 purissimum,
967 3138 1170 3210 tenuissimum
1192 3156 1222 3209 ct
1243 3148 1330 3226 plane
1353 3129 1543 3223 pellucidum.
1587 3145 1646 3204 Hic

291 3234 388 3295 locum
416 3236 528 3294 invenit
555 3234 723 3312 disputandi
746 3237 783 3297 de
807 3243 872 3296 ortu
896 3244 925 3297 et
948 3245 1053 3297 natura
1075 3245 1269 3311 cometarum,
1302 3242 1393 3312 negat
1414 3251 1480 3294 curu
1503 3230 1647 3310 Tychoue

293 3323 432 3399 sphaeras
455 3329 587 3383 veterum
609 3322 740 3398 solidas,
768 3331 797 3385 et
828 3323 895 3384 hinc
918 3326 1023 3385 transit
1046 3324 1085 3386 ad
1107 3326 1311 3385 retractionem
1331 3322 1575 3393 astronomicam,
1608 3318 1647 3379 ad

279 3409 429 3495 ‘thioam
451 3405 543 3471 suam,
556 3412 732 3488 respicieus;
755 3410 844 3472 tradit
865 3412 985 3473 modum
1008 3412 1197 3489 computandi
1219 3430 1255 3473 cx
1270 3410 1493 3472 retractionibus
1511 3406 1647 3468 altitudi-

293 3517 360 3559 nem
382 3498 473 3573 aeris,
505 3507 535 3559 et
557 3500 750 3575 quantitatem
773 3500 1023 3577 crepusculorum,
1053 3504 1124 3561 item
1150 3502 1293 3560 rationem
1314 3498 1438 3558 nubium
1460 3495 1646 3557 altitudinem
1671 3491 1692 3501 ”

295 3586 471 3647 dimetiendi.
516 3587 619 3647 Finem
640 3586 710 3647 laclt
731 3590 882 3665 proposita
905 3606 994 3658 cansa
1014 3589 1258 3665 crepusculoruru,
1281 3585 1498 3647 scintillationis
1513 3583 1646 3658 fixarum,

290 3674 428 3736 diversae
465 3674 674 3751 magnitudinis
709 3674 786 3735 Solis
820 3684 876 3737 etc.
907 3678 937 3736 in
966 3678 1120 3737 horizonta
1148 3683 1179 3736 et
1207 3679 1237 3734 iu
1265 3676 1373 3735 vertice
1400 3674 1499 3752 positi.
1565 3672 1647 3731 Para

295 3768 418 3839 quom.
463 3762 509 3822 De
530 3762 598 3822 loco
621 3762 728 3823 Terrae
749 3763 914 3824 inmundo.
960 3764 1009 3825 Ad
1031 3764 1256 3842 explicationem
1280 3763 1385 3840 ,primi
1401 3760 1516 3821 motus“
1533 3754 1674 3841 (diurni,

296 3850 422 3911 visibilis
445 3853 521 3909 circa
543 3846 678 3932 Terram)
702 3851 818 3928 suflicit,
842 3860 874 3912 ut
896 3851 987 3913 Terra
1009 3853 1169 3913 collocetur
1190 3854 1220 3911 iu
1241 3858 1341 3912 renuo
1355 3849 1445 3926 hujus
1459 3854 1567 3921 motus,
1591 3849 1647 3907 etsi
1728 3906 1732 3913 ,

286 3955 353 4013 nou
375 3940 414 3998 sit
435 3940 587 3999 in-centro
609 3942 699 3999 totius
722 3942 866 4016 universi3
888 3939 1103 4002 semidiameter
1124 3940 1232 4002 Terrae
1253 3957 1324 4017 prae
1346 3938 1459 4014 ingenti
1480 3936 1606 3995 fixarum
1629 3952 1648 3994 a

294 4025 385 4085 Terra
398 4024 546 4086 distantia
567 4043 619 4103 pro
640 4027 731 4085 nihilo
754 4037 808 4089 est.
851 4028 1016 4089 Receusitis
1040 4030 1130 4090 variis
1152 4029 1315 4090 rationibus
1336 4026 1553 4099 aeuouomieis,
1571 4023 1647 4099 qui-

296 4115 351 4175 bus
374 4115 541 4185 evincatur,
564 4114 685 4175 Tenem
706 4133 765 4176 non
789 4133 853 4177 esse
876 4116 1025 4177 inmedio
1047 4117 1164 4191 mnndi,
1187 4117 1247 4177 alia
1269 4121 1441 4192 argumenta
1463 4130 1499 4176 cx
1521 4112 1646 4190 physica

227 4248 231 4259 ,
296 4208 479 4278 repetuntur,
510 4209 543 4260 ut
573 4201 630 4262 boc
658 4203 812 4279 probetur,
845 4203 881 4264 de
912 4214 1018 4265 natura
1038 4207 1173 4282 gravium
1195 4211 1225 4265 et
1245 4203 1356 4264 levium
1378 4202 1523 4262 desumto.
1567 4201 1649 4259 Pars

296 4293 413 4371 quinto.
459 4289 504 4348 De
526 4295 608 4347 motu
630 4289 737 4350 Terrae
761 4291 872 4352 diurno.
917 4293 1008 4352 Visus
1035 4292 1147 4353 fallitur
1173 4294 1251 4352 eirca
1279 4298 1391 4351 motum
1418 4292 1558 4366 primum,
1587 4303 1646 4346 uon

295 4377 392 4456 sidera
413 4393 482 4436 vere
504 4377 665 4437 ascendunt
686 4396 775 4456 supra
797 4387 926 4454 montes,
961 4379 1014 4440 sed
1046 4380 1077 4439 hi
1111 4398 1177 4440 cum
1210 4386 1272 4439 toto
1292 4378 1423 4438 Telluris
1451 4376 1540 4453 globo
1571 4376 1649 4434 circa

296 4485 380 4527 axem
400 4464 482 4524 illius
504 4473 711 4526 convertuntur
733 4486 751 4527 a
772 4467 863 4544 plaga
885 4485 1008 4529 occasus
1030 4470 1068 4528 ad
1083 4468 1202 4546 plagam
1216 4468 1353 4542 orientis,
1376 4466 1433 4525 hoe
1447 4471 1528 4525 motu
1544 4479 1647 4523 omues

296 4556 485 4631 apparentiae
513 4560 610 4612 motus
638 4557 723 4632 primi
745 4558 929 4617 exactissime
951 4554 1143 4633 explicantur.
1187 4555 1331 4616 Probatur
1351 4554 1400 4614 hio
1422 4559 1518 4613 motus
1540 4551 1649 4611 Terrae

281 4635 408 4719 'septem
431 4643 623 4718 argumentis:
651 4639 684 4722 1)
706 4650 811 4703 natura
833 4662 954 4721 semper,
979 4644 1060 4720 quod
1080 4650 1179 4721 potest
1199 4661 1251 4721 per
1273 4641 1414 4717 iacssiora,
1436 4658 1496 4700 non
1517 4640 1581 4716 agit
1597 4654 1649 4715 per

298 4729 436 4806 ambages
459 4729 609 4806 difficiles3
632 4747 723 4806 quare
745 4732 932 4791 verisimilius
954 4740 1015 4804 est,
1039 4731 1159 4792 Terram
1181 4739 1294 4801 rotare,
1318 4748 1406 4807 quarn
1429 4735 1521 4789 totam
1543 4725 1647 4787 mundi

298 4816 463 4876 machinam
489 4817 588 4892 rolvi3
622 4820 656 4892 2)
689 4817 822 4878 celeritas
850 4828 947 4879 motus
973 4820 1063 4879 totins
1091 4816 1193 4879 mnndi
1214 4817 1423 4880 incredibiliter
1444 4817 1538 4893 maj0r
1558 4816 1647 4889 emet

298 4921 386 4979 quarn
406 4913 503 4983 motus
524 4904 606 4983 globi
622 4905 761 4977 Telluris,
785 4909 834 4983 qui
857 4925 917 4967 nou
938 4905 1031 4967 mullo
1054 4909 1148 4987 major
1170 4915 1223 4981 cst,
1247 4924 1336 4983 quam
1353 4903 1488 4966 celeritas
1503 4910 1646 4977 motuum,

298 4992 399 5067 quiin
420 4993 571 5072 superlicio
592 4994 699 5057 Terrae
722 4997 931 5073 observantur,
954 4991 991 5078 3)
1013 5002 1110 5058 motus
1132 4995 1252 5058 diurnus
1273 5012 1331 5074 per.
1348 4994 1568 5072 sumspattum
1587 5008 1649 5056 nort
