3609 5767
305 496 323 553 6
667 485 699 539 In
720 483 866 553 Epitomen
884 480 1072 539 Asuonomiae
1091 480 1292 551 Copemicanae

306 684 395 742 quem
419 665 506 724 finem
527 665 647 722 nomina
669 670 823 722 ventorum
845 661 947 722 tabula
969 649 1131 740 comparat,
1163 663 1193 719 in
1224 678 1283 737 qua
1309 660 1532 734 denominantur
1556 662 1658 740 lingua

305 755 486 824 Germanica,
511 750 624 823 Italica,
650 750 755 809 Latina
777 753 909 828 (vetusta
932 756 961 807 ct
983 749 1133 826 moderna)
1156 757 1187 808 et
1202 747 1325 810 Graeca.
1362 750 1480 825 Quinto
1505 749 1658 809 traduntur

304 843 423 908 numina
447 848 476 899 et
498 857 568 897 usus
592 838 715 897 aliorum
739 838 919 909 circulorum,
944 854 1032 913 quam
1054 847 1123 896 sunt
1145 836 1188 894 illi
1210 854 1329 896 numero
1345 840 1371 895 1.
1389 838 1508 911 definiti,
1533 847 1578 896 ut:
1604 859 1658 916 pa·
1716 892 1718 911 ,

304 928 406 1000 ralleli,
431 927 529 986 circuli
553 925 788 999 declinationum,
813 918 974 998 verticulas,
998 924 1098 983 circuli
1120 925 1299 1001 positionum
1321 922 1455 1004 (astrol).
1503 924 1658 986 Concludit

303 1016 380 1076 huno
402 1015 507 1073 librum
530 1014 678 1089 explicans
701 1011 833 1085 circulus,
856 1013 963 1087 quibus
986 1020 1106 1070 utuntur
1129 1013 1345 1088 ,gnomonici“.
1378 1077 1380 1079 v

391 1102 481 1165 Liber
503 1104 616 1162 mlius.
661 1101 707 1159 Du
723 1099 854 1158 doctrina
865 1101 950 1174 primi
965 1109 1072 1170 mutus,
1096 1117 1185 1175 quam
1202 1098 1310 1174 dicunt,
1326 1091 1486 1177 sphaerica
1531 1099 1669 1176 Dausara·

304 1209 355 1251 cur
377 1192 487 1266 primus
508 1185 651 1268 (diurnus)
674 1195 769 1246 motus
791 1188 992 1263 praemittatur
1005 1187 1133 1246 motibus
1149 1186 1285 1245 secundis
1299 1182 1491 1265 (planetarum
1507 1190 1655 1267 propriis),

303 1280 360 1348 bae
384 1283 603 1336 enumerantur:
638 1275 687 1335 ille
716 1284 812 1333 motus
840 1277 938 1333 sensui
967 1274 1116 1331 hominum
1140 1276 1246 1333 obvius
1270 1285 1315 1333 est
1338 1282 1367 1334 et
1389 1276 1469 1334 vitae
1490 1277 1655 1335 rationibus

304 1367 399 1440 magis
421 1362 612 1439 respondens,
643 1363 673 1420 bi
698 1379 765 1421 vero
789 1369 856 1419 sunt
881 1360 1071 1434 occultiores,
1095 1362 1236 1441 tardiores
1260 1370 1289 1420 et
1311 1381 1329 1420 a
1351 1379 1438 1420 sensu
1461 1364 1652 1438 remotiorcs3

305 1452 409 1513 deinde
440 1454 548 1527 primus
581 1458 677 1509 motus
705 1450 829 1526 sphaera
852 1448 1051 1516 tantummodo
1074 1450 1219 1508 materiali
1240 1450 1352 1525 indiget
1374 1458 1532 1525 possetque
1555 1450 1603 1509 vol
1628 1453 1657 1507 in

306 1545 369 1617 ipsu
394 1538 476 1599 coelo
500 1540 651 1596 monstrari
675 1539 737 1596 sinc
761 1539 971 1609 instrumento,
1002 1537 1122 1595 secundi
1154 1545 1250 1595 rnutus
1282 1536 1382 1595 tabula
1405 1537 1493 1613 plana
1515 1536 1654 1614 indigent,

307 1637 336 1687 ct
359 1646 402 1700 ea,
426 1644 500 1701 quae
518 1628 546 1681 in
564 1625 618 1683 lrac
632 1624 722 1700 plana
735 1624 836 1683 tabula
852 1622 1094 1706 demonstrantur,
1119 1623 1273 1683 difficulter
1289 1624 1473 1700 applicantur
1492 1623 1574 1683 cuclo
1591 1627 1656 1701 ipsi,

306 1716 362 1773 nisi
385 1716 463 1790 prius
486 1721 640 1789 perceptus
662 1714 831 1791 sitprimus
855 1719 961 1770 motus.
1006 1711 1061 1769 His
1083 1712 1250 1787 praemissis
1273 1720 1478 1784 enumerantur
1493 1719 1600 1789 partes,
1625 1716 1656 1770 in

279 1798 378 1880 quas
402 1801 540 1860 dividitur
562 1800 636 1858 liber
659 1801 767 1873 tertius,
792 1816 903 1873 eaeque
928 1806 995 1857 sunt
1018 1801 1155 1874 quinque.
1203 1800 1283 1858 Pura
1300 1799 1326 1857 1.
1361 1799 1406 1857 De
1422 1809 1486 1858 ortu
1503 1808 1533 1859 ct
1548 1815 1653 1859 occasu

305 1890 441 1957 sidorum.
479 1888 519 1946 Hi
537 1887 671 1946 differunt
686 1886 846 1946 secundum
861 1887 990 1962 positum
1006 1888 1176 1966 horizontis,
1191 1904 1280 1963 querc
1297 1886 1513 1965 distinguuntur
1529 1888 1655 1963 sphaera

304 1986 392 2051 recta,
417 1974 537 2051 obliqua
560 1981 589 2033 et
610 1966 760 2050 parallela,
785 1982 814 2034 et
836 1977 863 2031 in
888 1974 1011 2050 singulis
1034 1974 1079 2033 his
1096 1983 1175 2034 ortus
1192 1991 1372 2050 occasusque
1388 1974 1515 2043 siderum
1533 1974 1656 2046 dornon-

304 2062 431 2127 s'trantur
455 2078 611 2138 earumque
636 2065 794 2122 varietates
816 2068 1035 2139 proponuntur,
1068 2079 1156 2121 voces
1185 2061 1309 2120 altitudo
1331 2063 1410 2138 poli,
1434 2065 1602 2138 aequaturis
1625 2072 1655 2121 ct

304 2152 408 2212 stellae
430 2149 591 2209 matidiana
614 2147 806 2226 explicantur.
850 2149 908 2208 Hic
931 2151 1035 2208 iterum
1056 2147 1139 2209 locus
1164 2150 1247 2208 datur
1271 2148 1509 2226 demonstrationi
1526 2168 1655 2226 quarun-

305 2239 372 2299 dam
395 2239 597 2313 operationum
620 2238 649 2293 in
672 2238 854 2312 gnomonicis
877 2238 1061 2313 numerisque
1085 2236 1253 2313 explicatur.
1301 2236 1492 2298 altitudinem
1514 2238 1575 2314 poli
1597 2233 1656 2311 saf-

301 2327 398 2392 firmut
420 2324 565 2401 Keplerus
592 2342 705 2400 semper
734 2323 858 2383 candum
891 2342 1027 2392 manere,
1060 2333 1161 2383 contra
1183 2313 1307 2392 aliorum
1330 2326 1513 2401 opinionem,
1547 2325 1655 2385 deinde

303 2415 396 2487 docet,
421 2412 568 2489 quomodo
592 2411 737 2471 metienda
759 2414 797 2471 sit
819 2412 944 2470 altitudo
967 2411 1071 2470 stellae
1093 2430 1145 2477 seu
1170 2413 1310 2471 distantia
1333 2413 1396 2488 ejus
1412 2432 1430 2472 a
1446 2415 1563 2485 vertice,
1588 2414 1656 2488 qui·

303 2502 358 2561 bus
381 2501 485 2560 mediis
508 2501 674 2561 inveniatur
695 2500 773 2558 linea
796 2498 969 2564 meridiana.
1001 2499 1156 2559 declinatio
1187 2500 1303 2574 stellae,
1335 2500 1458 2575 angulus
1481 2500 1519 2560 ad
1542 2496 1654 2578 polum,

302 2590 336 2648 h..
355 2607 381 2648 c.
405 2588 530 2664 angulus
554 2590 627 2648 inter
649 2587 839 2646 meridianum
863 2595 892 2646 et
915 2587 1055 2649 circulum
1079 2587 1281 2668 declinationis
1303 2587 1415 2661 stellae,
1440 2588 1565 2664 angulus
1582 2590 1655 2648 inter

302 2675 471 2736 verticulum
494 2683 526 2735 et
543 2674 679 2733 circulum
704 2673 922 2748 declinationis,
946 2674 1106 2750 amplitudo
1131 2677 1240 2747 ortiva,
1270 2675 1516 2736 demonstratione
1540 2667 1655 2752 semper

304 2766 433 2824 numeris
456 2761 626 2839 explicata..
663 2763 743 2821 Pura
766 2759 811 2820 ΙΙ.
857 2764 903 2822 De
927 2762 1148 2821 ascensionibus
1171 2769 1200 2822 et
1223 2761 1459 2822 descensionibus
1482 2772 1655 2840 punctorum

302 2851 464 2928 eclipticae.
511 2841 590 2910 Data
612 2853 740 2909 maxima
762 2848 956 2922 declinatione
980 2848 1132 2925 eclipticae
1155 2852 1192 2909 ab
1216 2857 1375 2925 aequatura
1399 2849 1486 2931 (quae
1510 2859 1655 2928 estmeu·

302 2956 370 2998 sura
392 2937 512 3015 anguli,
536 2955 594 3015 quo
617 2955 649 2999 se
672 2948 774 2997 secant
790 2947 938 3016 ¹aequatur
961 2948 990 2996 et
1012 2937 1158 3014 ecliptica)
1183 2940 1352 3013 investigari
1375 2947 1473 3014 potest
1498 2938 1654 2998 declinatio

303 3028 445 3103 cujusque
473 3029 574 3102 puncti
605 3026 756 3104 eclipticae
788 3021 952 3104 (calculus).
1006 3024 1138 3084 Maxima
1168 3023 1323 3085 declinatio
1354 3028 1443 3085 variis
1475 3027 1655 3103 temporibus

303 3117 399 3194 variat
422 3117 454 3185 (a
478 3110 535 3174 ‘23⁰
559 3111 654 3196 3⁰'su‘
675 3112 714 3183 ad
739 3108 796 3170 23⁰
819 3111 901 3189 35‘);
931 3129 1020 3170 causa
1042 3112 1135 3171 altera
1156 3112 1244 3189 hujus
1268 3115 1439 3173 variationis
1462 3121 1507 3173 est
1530 3115 1653 3173 variatio

303 3202 499 3261 inclinationis
521 3203 584 3271 axis
607 3202 723 3272 Terrae,
747 3199 840 3259 altera
860 3200 1003 3259 retractio.
1049 3199 1188 3259 Definitio
1211 3204 1414 3260 ascensionum
1438 3211 1467 3260 et
1484 3202 1655 3263 descensio-

302 3306 392 3368 num3
416 3297 512 3351 vectae
535 3290 721 3348 ascensiones
745 3287 862 3363 quidem
885 3289 1025 3347 eveniunt
1048 3288 1077 3345 in
1100 3287 1225 3364 sphaera
1247 3297 1339 3363 reeta,
1368 3287 1506 3365 obliquae
1529 3291 1558 3347 in
1582 3289 1654 3348 obli=

229 3400 234 3413 ¹
304 3395 378 3453 qua;
401 3376 453 3436 sod
476 3376 526 3436 ille
548 3393 632 3435 arcus
656 3375 806 3451 eclipticae
830 3375 934 3434 dicitur
949 3383 1026 3434 recte
1042 3376 1117 3449 oriri,
1141 3393 1206 3435 eum
1222 3393 1279 3451 quo
1296 3377 1427 3436 ascendit
1442 3394 1526 3436 arcus
1542 3395 1654 3453 aequa-

302 3467 373 3524 toris
395 3464 489 3541 major
510 3482 542 3523 se
566 3466 641 3539 ipso,
665 3463 713 3522 ille
738 3464 866 3538 oblique,
891 3480 957 3522 eum
980 3460 1038 3538 quo
1063 3464 1164 3521 minor.
1209 3463 1317 3523 Modus
1341 3464 1529 3541 cotnputandi
1549 3483 1654 3540 ascen·

303 3554 416 3612 sionem
439 3558 549 3611 rectam
571 3569 655 3610 arcus
678 3549 838 3626 eclipticae,
863 3549 939 3609 datis
962 3549 1070 3626 angulo
1094 3553 1167 3609 inter
1190 3561 1381 3626 aequaturum
1404 3560 1433 3611 et
1448 3552 1585 3612 circulum
1601 3551 1654 3612 de·

304 3638 470 3706 clinationis
492 3637 537 3719 (22
551 3638 611 3713 R),
635 3641 762 3698 maxima
785 3636 980 3708 declinatione
1004 3644 1032 3696 ct
1054 3654 1122 3697 arcu
1146 3637 1297 3715 eclipticae
1320 3632 1479 3716 proposito.
1525 3640 1655 3720 Compa-

304 3729 379 3786 ratio
402 3745 469 3794 asu,
485 3734 627 3785 recturum
652 3744 717 3785 oum
740 3724 979 3785 descensionibus
1003 3733 1056 3783 ete.
1103 3725 1241 3785 Definitio
1265 3727 1442 3787 differentiae
1465 3730 1654 3787 ascensioua-

302 3813 354 3887 lis3
389 3812 424 3878 de
452 3832 510 3873 ase.
542 3813 684 3890 obliquis3
717 3813 752 3879 de
775 3812 897 3890 angulo,
929 3830 988 3889 quo
1012 3819 1093 3871 secat
1115 3812 1250 3889 ecliptica
1272 3814 1461 3877 horizontem.
1507 3815 1652 3875 Tabulae.

305 3902 380 3959 Para
401 3892 498 3959 tertia
544 3901 589 3961 De
611 3919 698 3962 anno.
745 3899 811 3975 Quo
835 3900 968 3960 differant
990 3918 1084 3959 annus
1106 3900 1258 3977 politicus,
1289 3906 1500 3962 astronomicus
1523 3902 1654 3963 sidereus

303 3995 332 4048 et
359 3980 503 4065 tropicum
538 3987 573 4048 de
603 3988 705 4049 diebus
735 3988 931 4047 naturalibus:
968 3986 1029 4048 dies
1059 3988 1201 4049 naturalis
1224 3990 1313 4065 paulo
1336 3990 1450 4066 longior
1473 3998 1518 4051 est
1540 3993 1654 4067 integra

302 4073 485 4135 revolutione
508 4075 625 4150 Terrae,
649 4077 811 4135 differentia
832 4075 906 4135 haec
929 4075 1130 4136 denominatur
1155 4077 1440 4153 „additamentum,“
1466 4081 1516 4156 qui
1540 4087 1583 4141 est
1606 4098 1654 4137 ar·

303 4181 354 4223 cus
377 4165 553 4238 sequuturis,
577 4180 663 4239 quem
687 4162 739 4223 Sol
762 4165 790 4220 in
813 4180 871 4223 uno
896 4163 942 4221 die
964 4163 1092 4222 naturali
1115 4164 1231 4224 conficit
1253 4168 1281 4223 in
1305 4165 1448 4242 ecliptica.
1493 4166 1575 4226 Hace
1598 4166 1654 4226 ad-

304 4247 464 4311 ditamenta
486 4257 555 4309 suut
576 4249 744 4326 inaequalia
766 4250 879 4309 duabus
904 4250 941 4309 de
963 4251 1068 4324 causis,
1092 4250 1193 4325 altera,
1217 4252 1294 4329 quod
1309 4262 1405 4313 motus
1422 4244 1500 4312 Solis
1516 4255 1544 4310 in
1560 4254 1654 4333 eclip-

303 4341 362 4397 tica
383 4336 546 4413 inaequalis
569 4345 622 4410 est,
646 4337 746 4412 altera,
771 4336 850 4414 quod
873 4340 1058 4397 ascensiones
1081 4348 1178 4399 rectae
1194 4340 1360 4416 aequalium
1378 4358 1497 4400 arcuum
1514 4344 1542 4399 in
1562 4342 1654 4419 eclip-

303 4429 362 4485 tica
387 4425 575 4493 in‘diversis
597 4424 669 4484 locis
698 4434 766 4484 sunt
793 4425 973 4502 inaequales.
1020 4426 1064 4486 De
1088 4420 1263 4504 aequatione
1286 4431 1434 4507 temporis.
1480 4428 1601 4489 Dictum
1625 4437 1654 4490 ct

302 4515 431 4573 noctium
459 4511 653 4572 artificialium
686 4515 812 4573 varietas
841 4531 892 4589 per
916 4515 1013 4571 varios
1036 4513 1178 4590 sphaerae
1202 4518 1283 4573 situs.
1329 4518 1418 4577 Initia
1440 4515 1551 4576 dicrum
1575 4518 1653 4595 apud

304 4604 402 4660 varias
424 4608 536 4677 gentes.
582 4600 627 4659 De
650 4600 827 4676 crepusculis
850 4609 879 4659 et
902 4601 1076 4660 climatibus.
1123 4602 1204 4661 Pars
1234 4613 1355 4678 quartu.
1402 4606 1448 4664 De
1473 4607 1652 4682 temporibus

264 4682 265 4686 ’
304 4690 373 4746 anni
396 4687 482 4748 etde
505 4689 595 4746 zonis.
642 4687 812 4748 Differentia
835 4690 1018 4762 umbrarum,
1042 4706 1132 4749 causa
1154 4693 1267 4749 numeri
1282 4699 1310 4750 et
1324 4692 1488 4752 latitudiuis
1504 4710 1653 4753 zonarum.

305 4774 385 4840 Pura
407 4779 524 4850 quintu.
570 4775 615 4835 De
643 4778 822 4852 apparitione
846 4783 876 4835 et
897 4775 1094 4837 occultatione
1116 4777 1242 4838 siderum
1265 4798 1316 4855 per
1338 4780 1469 4839 diversas
1492 4785 1565 4839 anni
1584 4801 1654 4860 par-

304 4872 357 4918 tes.
378 4888 382 4896 ·
402 4861 501 4921 Motus
524 4865 781 4939 aequinoctiorum.
828 4864 873 4923 De
895 4880 973 4922 anno
996 4863 1109 4925 sidereo
1132 4866 1161 4924 in
1193 4869 1305 4943 specie:
1340 4867 1489 4944 quodnam
1509 4870 1560 4929 'sit
1590 4871 1653 4947 ejus

305 4947 443 5033 initium?
476 4948 559 5013 Haec
586 4953 736 5032 inquisitio
767 4951 848 5013 ducit
868 4949 1029 5030 Keplerum
1051 4951 1090 5015 ad
1113 4953 1325 5035 Aegyptiorum
1347 4973 1440 5016 annus
1463 4957 1652 5034 caniculares,
