3609 5767
734 518 741 524 ·
775 502 903 564 320
1104 518 1108 520 ·
1787 497 1790 499 ’
1818 492 2100 563 Epitmnes
2135 449 2512 551 Astu-onomius
2572 484 2583 505 ⁴

956 673 1277 755 Quomodo
1320 674 1462 733 hinc
1504 674 1841 733 exstruitur
1880 674 2099 748 spacia
2134 672 2319 747 plani
2361 673 2814 735 dodeoae'driei?
2856 673 3078 752 Angnli
3121 675 3304 757 figura

771 765 898 841 jam
943 763 1178 828 dictum·
1218 768 1334 836 est,
1393 759 1607 821 debent
1661 776 1789 821 csse
1837 760 1949 833 20,
2005 760 2177 818 trium
2221 760 2440 837 singuli
2498 760 2814 836 linearum,
2876 780 3121 839 quarum
3178 782 3304 841 qua·

778 850 854 911 ad
913 851 1084 911 binos
1143 848 1431 910 concurrit
1485 846 1766 924 angulos,
1825 857 1943 907 tres
1998 849 2228 907 termini
2292 849 2474 908 vicies
2516 857 2655 908 sunt
2699 850 2807 924 60,
2870 851 2989 910 bini
3050 869 3192 912 vero
3248 859 3304 912 te

775 937 1061 1008 claudunt
1117 953 1297 997 unam
1355 934 1601 995 lineam·
1664 952 1805 1011 ergo
1863 933 2055 993 lineae
2109 951 2216 993 seu
2271 935 2455 995 latera
2513 933 2733 1012 figurae
2777 947 2915 998 sunt
2960 939 3073 1011 30,
3136 956 3290 1016 quae

776 1033 1072 1103 potestate
1118 1024 1219 1097 60,
1264 1031 1533 1100 respectu
1577 1020 1886 1098 planorum
1930 1020 2185 1098 figuram
2230 1021 2539 1098 quodlibet
2577 1026 2732 1083 enim
2774 1023 2996 1101 figurae
3039 1025 3194 1085 latus
3239 1026 3304 1086 ad

774 1112 954 1190 plana
998 1114 1309 1173 concurrit
1400 1101 1722 1185 Sexaginta
1779 1124 1923 1170 vero
1969 1107 2161 1170 lineae
2218 1126 2322 1170 seu
2370 1110 2557 1170 latera
2599 1110 2778 1192 plana
2821 1111 3012 1172 divisa
3068 1116 3127 1171 in
3172 1112 3304 1174 duo«

777 1202 974 1278 plana,
1020 1199 1241 1276 figurae
1285 1197 1424 1258 huic
1465 1195 1692 1258 solidae
1733 1197 2084 1272 necessaria,
2129 1205 2372 1273 quotum
2416 1197 2680 1258 indicant
2709 1200 2984 1276 quinque.
3073 1200 3264 1261 Plana

776 1295 917 1348 sunt
959 1285 1423 1364 quinquelatera.
1514 1285 1601 1344 Ex
1646 1285 1837 1346 auctis
1867 1285 2046 1362 igitur
2090 1300 2318 1345 rursum
2350 1283 2599 1363 primum
2646 1294 2738 1347 est
2766 1285 3212 1363 dodecabdrnm,
3258 1288 3304 1348 b

774 1374 955 1453 plana
1000 1371 1550 1451 quinquangnlnria.

952 1462 1103 1541 Quis
1144 1468 1230 1521 est
1273 1468 1445 1521 ortus
1486 1443 2000 1532 secundariorum
2044 1465 2101 1517 et
2129 1476 2324 1534 quare
2366 1466 2607 1521 tantum
2635 1445 2796 1522 duae
2810 1461 2844 1519 Ρ
2904 1461 3119 1523 Tribus
3141 1463 3235 1523 bis
3266 1462 3303 1522 fl

778 1551 957 1625 cubo,
1020 1546 1342 1623 tetraedro,
1411 1545 1810 1619 dodeca‘e‘dro,
1873 1553 1990 1607 tres
2035 1545 2271 1623 quidem
2315 1545 2467 1607 aliae
2508 1546 2890 1626 respondent,
2945 1550 3049 1610 sed
3105 1568 3225 1611 nna
3281 1561 3304 1611 ι

646 1654 655 1667 ·
749 1635 1051 1698 ‘coincidit
1096 1653 1227 1696 cum
1271 1651 1384 1695 sua
1413 1636 1720 1712 primaria3
1767 1640 1829 1694 et
1871 1635 2034 1711 ipsae
2078 1650 2312 1710 quoqne
2356 1636 2674 1712 gignuntur
2718 1634 3099 1698 diminutione
3141 1642 3304 1699 trinu

772 1725 1105 1797 mariarum,
1151 1722 1257 1784 sed
1292 1722 1673 1782 diminutione
1718 1722 1949 1798 generis
1980 1720 2213 1795 diversi,
2260 1721 2360 1781 ubl
2392 1738 2509 1782 non
2553 1722 2710 1783 latus
2743 1739 2849 1799 pro
2895 1723 3073 1801 plano
3103 1725 3304 1803 relinq=

771 1811 875 1886 sed
933 1810 1214 1889 angulus,
1274 1828 1381 1889 pro
1447 1808 1754 1887 superficie
1818 1808 2046 1868 scilicet
2101 1810 2410 1885 primariae
2456 1809 2677 1887 figurae
2722 1828 2838 1871 non
2883 1810 3041 1873 linea
3083 1814 3304 1874 secund

1078 1931 1177 1982 a..
1204 1928 1272 1970 ss.
1926 1928 2025 1979 ng.
2055 1928 2124 1969 ω.
2448 1896 2553 1957 sed
2581 1905 2880 1976 punctum,
2926 1909 3197 1962 manente
3239 1901 3303 1961 la

2451 2003 2724 2064 nnmer03
2767 1986 2941 2048 simul
2969 1996 3165 2050 antem
3195 1987 3283 2070 (ιιι

2451 2072 2693 2150 planum
2723 2074 3123 2137 secundariae
3178 2094 3304 2155 gem

2452 2177 2559 2237 pro
2603 2161 2819 2238 angulo
2864 2165 3207 2240 primariae,
3254 2171 3304 2223 et

2452 2265 2592 2308 num
2638 2249 2874 2325 quidem
2919 2250 3304 2328 triangulare,

2455 2335 2705 2413 angulus
2763 2340 3022 2415 primarii
3070 2340 3162 2398 sni
3209 2342 3302 2398 est

2453 2425 2675 2498 neatis,
2728 2428 3008 2486 connexis
3051 2427 3238 2486 tribus
3284 2441 3304 2485 ι

2455 2512 2630 2570 trium
2673 2512 2979 2588 planorum
3017 2514 3304 2591 primarias

2455 2598 2639 2657 lidum
2663 2600 2940 2678 angulum
2963 2604 3304 2661 circumstat]

2456 2683 2607 2745 Sunt
2636 2687 2813 2763 igitur
2852 2690 3000 2749 istae
3030 2687 3290 2749 secundo

2367 2779 2373 2790 ‘
2457 2780 2552 2834 tae
2571 2772 2753 2834 veluti
2779 2774 3068 2852 quaedam
3086 2778 3304 2853 prlorm

2604 2878 2755 2923 cera.
2828 2863 2978 2924 Nam
3007 2863 3166 2925 cadit
3207 2862 3282 2923 de

2595 2951 2880 3027 quicquid
2913 2953 3183 3012 exterius
3226 2968 3302 3028 ap

2586 3035 3001 3115 relinquuntur
3046 3038 3119 3098 de
3157 3055 3229 3099 eo
3276 3055 3302 3096 ιι

2594 3135 2808 3200 centra,
2855 3126 3023 3187 velut
3046 3125 3302 3186 umbilici

2596 3211 2733 3273 dam
2785 3213 2822 3272 6
2853 3214 3183 3290 planorum,
3228 3211 3302 3271 fin

2599 3300 2803 3377 anguli
2846 3318 3041 3362 novae
3086 3301 3302 3378 figurat

2491 3401 2497 3412 ’
2599 3396 2660 3448 et
2720 3390 2861 3465 qnia
2928 3389 3160 3448 cubus
3180 3387 3302 3447 bab

2606 3474 2872 3551 angulos,
2914 3476 3101 3552 figura
3130 3475 3302 3552 ,iaml

1734 3269 2536 3673 stNQ
2608 3563 2823 3639 accipit
2882 3565 2921 3623 8
2965 3562 3145 3641 plana
3197 3564 3302 3622 tris

2301 3657 2491 3673 “·““··
2608 3649 2986 3727 aequilatera,
3007 3650 3302 3726 dicitur-qu

2019 3740 2350 3818 octaedron,
2394 3741 2552 3819 quod
2610 3746 2699 3798 est
2742 3745 2910 3798 sexta
2951 3755 3089 3817 pars
3135 3737 3276 3797 cnbi

2191 3830 2290 3890 Sic
2351 3828 2423 3890 de
2484 3824 2810 3898 tetraedrq·
2794 3869 2810 3884 .
2869 3843 2975 3903 pro
3021 3828 3060 3885 4
3120 3824 3251 3900 ejus
3296 3842 3302 3900 ι

2024 3916 2507 3993 triangularibus,
2554 3914 2982 3977 constituuntur
3028 3915 3067 3972 4
3097 3910 3300 3989 anguli

1832 4061 1836 4065 .
2027 4006 2066 4063 4
2097 4003 2331 4081 angulis
2376 4007 2415 4064 4
2448 4001 2759 4081 triangula,
2806 4004 3102 4076 oriturque
3149 3998 3300 4075 figur

2025 4090 2156 4151 dem
2184 4108 2313 4151 cum
2344 4108 2454 4151 sna
2483 4091 2787 4170 primaria·
2830 4091 3030 4165 itaque
3060 4103 3168 4171 pro
3189 4102 3300 4146 nov

1940 4269 1970 4309 3
2023 4265 2905 4346 tetraedri‚cu1mscnptumest
2927 4262 3026 4323 Sic
3045 4268 3137 4322 est
3155 4262 3300 4322 etiar

1962 4386 1963 4391 κ
2027 4351 2423 4432 dodecae'drffi
2466 4353 2624 4432 quod
2663 4351 2735 4412 de
2779 4353 2903 4411 suis
2952 4352 3028 4408 12
3075 4349 3300 4409 basibu

1959 4482 1960 4485 ,
2028 4442 2185 4517 gitur
2228 4457 2421 4501 novae
2464 4440 2686 4518 figurae
2739 4441 2813 4498 12
2862 4436 3141 4513 angulos,
3201 4453 3300 4512 pr(

1560 4569 1580 4609 ,ν
1808 4577 1840 4589 ι,
2028 4528 2112 4587 20
2174 4527 2408 4604 angulis
2446 4529 2708 4605 largitur
2759 4523 3146 4586 secundariae
3198 4541 3300 4583 sus

1568 4629 1584 4637 ‘
1636 4613 1716 4677 f:
2026 4614 2198 4674 bases
2257 4616 2608 4692 triangulas,
2671 4612 2828 4674 unde
2890 4612 3101 4689 figura·
3140 4612 3300 4671 icosa

1884 4701 1892 4717 '‘
2028 4699 2266 4761 dicitur·
2312 4711 2518 4780 estque
2561 4701 2741 4781 paulo
2786 4702 2979 4760 minus
3011 4697 3258 4759 dimidio

2030 4788 2224 4849 caedri
2268 4792 2381 4851 sui.

2207 4877 2668 4938 Ρνϋιιανίαηιηι
2725 4894 2860 4937 una
2902 4875 3300 4937 &masuam

2021 4963 2150 5040 sicit
2190 4968 2414 5041 yenita,
2457 4983 2591 5026 una
2620 4967 3133 5042 numentum.
3213 4962 3298 5021 Ηι·
